3306 5468
722 564 900 631 ...16-

419 711 475 774 Qec
489 729 522 764 aa
534 713 620 782 prdce
633 729 667 764 ae
680 711 734 765 soit
744 728 820 782 poor
832 726 901 763 arona
914 709 997 776 taric,

410 807 491 861 Noas
501 814 669 877 preservare
683 809 717 861 de
732 807 891 877 l’iuferoole
900 804 1026 874 fouldre.

272 964 404 1029 Salibus
420 985 550 1046 quoqne
567 966 704 1029 Petrum
719 967 887 1028 interdum
906 966 1104 1030 delectatum
1129 984 1200 1028 esse
1225 966 1279 1028 vel
1297 985 1401 1045 argu·

156 1090 158 1096 ·
226 1084 336 1136 mento
353 1082 461 1135 essent
477 1075 541 1136 duo
557 1076 628 1155 ejus
645 1072 913 1152 epigrammatica
929 1073 1074 1132 carmina
1089 1089 1161 1151 quae
1178 1073 1214 1133 in
1228 1074 1399 1135 Noocea‘dis

227 1181 339 1243 codice
353 1179 456 1241 relata
471 1187 547 1242 sunt
564 1175 672 1261 (XII).
685 1179 753 1240 Has
765 1186 875 1239 autem
886 1178 1038 1252 ambages
1055 1178 1279 1239 tantummodo
1293 1178 1398 1239 intel-

224 1286 315 1362 leges
338 1287 367 1347 si
384 1285 501 1346 Latina
522 1285 621 1345 verba
636 1283 755 1360 gallice
774 1282 1038 1360 pronuntiaveris
1049 1281 1072 1363 ¹,
1089 1291 1161 1362 quae
1172 1284 1285 1362 jocoso
1302 1284 1400 1345 Petri

227 1416 242 1445 e
263 1389 555 1479 ἀναγραμματίσμῳ
573 1415 587 1443 »
604 1391 765 1471 inscripta
781 1398 857 1452 sunt
876 1410 883 1452 ε
900 1394 983 1468 Drap
999 1386 1095 1451 ostiti.

270 1497 318 1558 Ea
333 1497 421 1557 enim
438 1495 548 1556 indole
564 1496 668 1556 inisse
685 1496 814 1557 videtur
834 1503 871 1557 ut
890 1495 1018 1557 facetiis
1034 1495 1178 1556 libenter
1190 1495 1396 1575 indulgeret,

224 1602 311 1681 quod
326 1621 363 1663 ex
374 1601 550 1680 epitaphiis
565 1601 605 1662 ab
622 1601 693 1681 ejus
707 1601 874 1663 sodalibus
891 1602 1081 1679 compositis
1096 1599 1174 1662 licet
1187 1601 1395 1684 conspicere,

227 1726 302 1770 oum
317 1707 364 1767 ibi
381 1723 447 1767 non
461 1714 589 1767 tantum
604 1706 710 1785 ipsius
727 1707 880 1768 facundia
895 1714 927 1768 et
941 1707 1107 1785 poeticum
1122 1708 1295 1784 ingenium
1311 1725 1400 1787 prae-

228 1808 412 1892 dicentur²,
429 1812 602 1873 sedetiam
618 1812 787 1874 urbanitas
803 1820 834 1872 et
849 1812 969 1873 hilaris
982 1811 1114 1872 animus
1131 1832 1138 1872 :

398 1967 561 2023 Scommute
575 1969 704 2037 milleno,
721 1968 828 2023 salibus
844 1985 960 2039 quoque
975 1970 1055 2024 labra
1068 1969 1209 2038 fluebant,

435 2067 589 2122 Premebas
603 2067 692 2138 gratis
705 2068 779 2122 seria
793 2067 880 2120 mixta
890 2066 966 2137 jocis
978 2068 999 2124 ³.

225 2228 330 2288 Immo
353 2228 485 2304 generis
507 2227 608 2305 hujus
631 2227 815 2288 avidiorem
837 2227 942 2288 fuisse
966 2234 1116 2288 nostrum
1139 2235 1170 2289 et
1190 2226 1234 2287 iis
1254 2226 1397 2292 forsitan

224 2332 462 2394 festivitatibus
478 2333 618 2394 abusum
633 2350 706 2393 esse
722 2339 866 2412 apparet,
880 2349 954 2394 oum
969 2332 1200 2412 intempestive
1214 2336 1249 2394 in
1264 2335 1398 2396 Noocei·

226 2441 292 2499 dem
308 2439 427 2517 ipsam,
446 2438 540 2498 elusa
553 2437 682 2498 heroici
701 2437 857 2499 carminis
878 2437 1050 2519 dignitate,
1068 2437 1206 2499 dicteria
1221 2446 1253 2500 et
1267 2437 1397 2500 littera·

224 2562 300 2606 rum
315 2545 515 2607 mutationes
529 2545 735 2624 irrepserint.

271 2649 354 2730 Sed,
380 2669 422 2712 ne
452 2651 600 2712 severius
629 2652 668 2713 de
699 2669 736 2711 eo
763 2650 931 2730 judicasse
956 2650 1139 2729 videamur,
1165 2650 1207 2710 ad
1230 2667 1397 2712 summam

224 2755 316 2817 laudi
331 2757 440 2835 potius
455 2757 517 2817 hoc
536 2756 634 2817 Petro
650 2757 726 2817 dare
743 2764 774 2817 et
788 2755 943 2833 gratulari
962 2771 1092 2833 aequum
1105 2763 1165 2834 est,
1177 2755 1277 2834 quod,
1290 2773 1395 2835 qnan-

223 2879 322 2940 quam
338 2862 374 2922 in
390 2861 544 2922 extremis
566 2863 663 2922 annis
685 2861 792 2922 oculis
814 2869 938 2941 captus,
960 2886 974 2915 α
994 2860 1152 2922 Smirnaei
1174 2869 1295 2922 sortem
1309 2863 1395 2922 vatis

223 2984 398 3045 perpessus
415 2964 587 3028 acerbam⁴
605 2992 636 3047 »,
661 2965 729 3027 leni
751 2985 881 3044 semper
899 2975 930 3029 et
945 2967 1094 3047 jucunda
1109 2974 1141 3028 et
1158 2965 1260 3028 alacri
1279 2974 1394 3028 mente

222 3075 454 3154 permanserit,
470 3082 507 3135 ut
523 3073 706 3152 sapientem
724 3073 816 3134 decet
832 3080 863 3134 et
878 3074 1038 3135 virtutum
1053 3072 1214 3135 cultorem
1223 3071 1245 3134 ⁶.

265 3181 373 3242 Venio
401 3169 500 3241 nnuc
518 3180 558 3240 ad
588 3181 770 3242 Nonceidem
799 3179 906 3261 illam,
934 3180 1028 3259 cujus
1057 3178 1220 3240 beneficio
1244 3179 1396 3256 sperabat

224 3294 335 3350 noster
348 3287 495 3348 moriens
516 3287 586 3347 iore
602 3295 636 3347 ut
653 3303 772 3346 nomen
788 3303 884 3346 suum
906 3285 1002 3347 fama
1019 3284 1194 3365 insereret,
1212 3302 1280 3346 uon
1294 3283 1397 3346 aliter

224 3392 443 3454 sentientibus
459 3390 636 3470 Gymnasii
651 3390 853 3468 Vosagensis
869 3390 1057 3470 sodalibus3
1076 3390 1148 3451 haec
1164 3390 1254 3452 enim
1270 3389 1394 3452 scribe·

221 3497 276 3558 bat
293 3497 460 3557 Philesius
471 3495 502 3557 ⁸:

221 3667 432 3678 ———

257 3765 278 3815 i.
294 3765 335 3814 De
350 3764 521 3828 superiorum
537 3777 664 3813 versuum
680 3766 791 3828 ambage
807 3783 812 3813 :

500 3847 562 3895 Haec,
576 3846 680 3894 quamvis
689 3847 785 3895 pedibus
795 3848 927 3894 gradiantur
936 3852 1009 3888 metra
1017 3849 1103 3898 latinis,

527 3908 629 3948 Gallicus
638 3919 667 3946 ex
677 3909 758 3947 horam
768 3912 858 3958 gutture
869 3920 942 3950 sermo
952 3914 1024 3950 sonat.

250 3968 273 4017 2.
502 3980 571 4017 Patre
581 3979 665 4017 diserte
670 4006 742 4019 ......

528 4040 710 4089 Tradideratque
720 4043 781 4080 artes
790 4052 884 4088 magnus
894 4041 976 4090 Apollo
986 4053 1046 4082 suas.

218 4107 406 4171 (Epitaphium
424 4106 500 4156 Petri
514 4107 548 4156 de
565 4107 643 4157 Btaro
659 4107 757 4158 Rivoa
776 4108 887 4158 Matthia
902 4107 1065 4160 Rithmanno
1080 4109 1200 4159 Philesio
1217 4109 1394 4173 Vogesigena

222 4177 423 4241 compositum.)
595 4178 599 4188 '

252 4250 277 4298 3.
293 4248 366 4298 lbtd.

253 4317 276 4365 4.
296 4317 371 4367 Petri
385 4318 560 4382 Epitaphium
575 4333 591 4368 a
605 4318 723 4369 Philesio
739 4321 927 4383 compositum.

251 4390 275 4437 5.
300 4389 465 4440 «Virtutum
485 4389 572 4440 cultor
592 4390 733 4440 maximus.
752 4409 761 4435 r
780 4391 865 4453 (Petri
885 4392 1060 4455 Epitaphium
1079 4406 1094 4442 a
1116 4392 1261 4443 Laurentio
1283 4390 1398 4441 Pilladio

222 4459 373 4524 scriptum.)

254 4531 278 4579 6.
296 4529 371 4580 Petri
386 4532 420 4581 de
436 4531 529 4583 blarru
544 4531 612 4583 Rivo
627 4532 813 4597 Epitaphium.
831 4533 870 4583 of.
886 4534 1024 4584 Laurentii
1040 4534 1145 4585 Pilladii
1159 4535 1289 4599 Epitupb.
