3306 5468
712 575 911 643 -113-

241 729 353 785 contra
383 721 541 785 Carolnm
564 720 775 783 contentione
801 720 982 783 condidit¹.
1009 722 1072 782 Hic
1096 720 1219 783 elatum
1243 721 1408 804 spiritum,

240 829 394 889 narrandi
419 827 636 909 alacritatem,
658 827 804 887 vividam
824 845 1040 905 personarum
1058 828 1203 904 effigiem
1222 829 1409 890 miraberis.

243 933 306 996 Cui
320 934 469 995 historiae
490 934 518 994 si
540 935 725 996 Ncoeetdem
740 943 886 995 nostram
906 933 1098 1015 contuleris,
1117 935 1220 996 nimis
1241 943 1351 997 metuo
1368 953 1410 996 ne

241 1041 378 1103 verboso
410 1049 441 1102 et
465 1040 605 1102 oratorio
629 1038 722 1101 Petri
748 1041 890 1118 poemati
913 1042 1063 1102 tenebras
1086 1037 1226 1104 obducat
1248 1041 1320 1102 haec
1346 1050 1410 1102 tam

241 1147 347 1209 nitida
360 1154 393 1208 et
407 1155 521 1223 arguta
537 1165 647 1208 rernm
664 1147 822 1208 narratio.

288 1255 356 1315 Nec
373 1262 484 1315 tamen
497 1253 571 1314 ideo
587 1253 726 1332 indigna
741 1252 961 1314 existimanda
975 1259 1023 1314 est
1037 1254 1167 1315 Nonceir
1183 1254 1221 1313 in
1234 1271 1299 1332 qna
1315 1253 1411 1317 hoca

242 1378 308 1441 me,
330 1359 672 1438 quantulumcumque
688 1366 749 1439 est,
767 1376 872 1438 operae
889 1360 1033 1439 positum
1058 1360 1113 1420 sit.
1140 1359 1189 1421 De
1206 1378 1243 1420 ea
1264 1361 1354 1420 enim
1375 1367 1411 1422 ut
1439 1349 1441 1353 ’

242 1475 331 1529 recte
349 1466 527 1544 dijudicari
542 1465 658 1548 possit,
671 1467 792 1528 iterum
807 1467 927 1546 dicam,
946 1467 1051 1527 {etatis
1062 1467 1410 1545 respeotnshabendus

244 1579 302 1634 est.
326 1571 503 1635 Succurrat
527 1581 638 1634 antem
661 1572 724 1633 hoc
747 1580 890 1650 tempore
915 1590 979 1651 quo
1005 1571 1162 1633 scriberet
1186 1580 1300 1634 noster
1324 1573 1412 1633 inter

245 1679 394 1742 Gallicos
418 1684 531 1757 poetas
556 1687 680 1740 tantum
699 1677 850 1739 floruisse
874 1677 1096 1740 Gnillelmnm
1112 1680 1223 1755 cretio,
1248 1679 1412 1740 Joannem

243 1789 373 1864 Molinet,
390 1787 562 1865 Metcbtoct,
578 1793 610 1846 et
625 1803 665 1846 ne
681 1784 803 1846 multos
817 1802 1018 1864 recenseam,
1036 1784 1055 1844 J
1058 1801 1199 1844 oannem
1215 1787 1349 1845 Lemaire
1360 1784 1411 1845 des

224 1973 225 1976 Ἴ
244 1895 357 1971 Belem,
372 1900 460 1953 certe
475 1891 519 1950 iis
534 1891 807 1969 praestantiorem,
821 1906 962 1966 qnorum
973 1888 1123 1968 cuilibet,
1136 1888 1264 1949 Joanne
1279 1892 1412 1951 Lemaire

244 2000 382 2062 sortasse
400 2007 543 2077 excepto,
562 1998 698 2059 Petrum
714 1997 753 2059 de
771 1996 869 2059 Blaro
889 1997 973 2058 Rivo
994 1996 1097 2057 iatine
1120 1997 1318 2058 scribentem
1331 2015 1411 2075 prae-

245 2105 393 2187 tulerim,
412 2114 479 2185 ant,
496 2113 533 2165 nt
547 2104 676 2166 modice
692 2104 812 2184 dicam,
830 2103 959 2164 sortiter
972 2104 1196 2181 opposuerim.

248 2306 456 2313 ———-

277 2431 299 2480 l.
316 2432 395 2479 Locis
409 2431 451 2478 XI
463 2431 490 2479 et
506 2429 621 2479 charles
635 2431 661 2478 le
678 2426 834 2478 Te'meree're
848 2425 1014 2490 (Hachette).
