<?xml version="1.0" encoding="UTF-8"?>
<!DOCTYPE html PUBLIC "-//W3C//DTD XHTML 1.0 Transitional//EN"
    "http://www.w3.org/TR/xhtml1/DTD/xhtml1-transitional.dtd">
<html xmlns="http://www.w3.org/1999/xhtml" xml:lang="en" lang="en">
 <head>
  <title>
</title>
<meta http-equiv="Content-Type" content="text/html;charset=utf-8" />
  <meta name='ocr-system' content='tesseract 3.04.00' />
  <meta name='ocr-capabilities' content='ocr_page ocr_carea ocr_par ocr_line ocrx_word'/>
</head>
<body>
  <div class='ocr_page' id='page_1' title='image "./denanceidepetri00collgoog_0096.png"; bbox 0 0 3306 5468; ppageno 0'>
   <div class='ocr_carea' id='block_1_1' title="bbox 735 575 914 644">
    <p class='ocr_par' dir='ltr' id='par_1_1' title="bbox 735 575 914 644">
     <span class='ocr_line' id='line_1_1' title="bbox 735 575 914 644; baseline 0 -20"><span class='ocrx_word' id='word_1_1' title='bbox 735 575 914 644; x_wconf 80' lang='lat'>-69-</span> 
     </span>
    </p>
   </div>
   <div class='ocr_carea' id='block_1_2' title="bbox 241 716 1412 1332">
    <p class='ocr_par' dir='ltr' id='par_1_2' title="bbox 241 716 1412 1332">
     <span class='ocr_line' id='line_1_2' title="bbox 241 716 1411 804; baseline 0.008 -28"><span class='ocrx_word' id='word_1_2' title='bbox 241 716 349 778; x_wconf 82' lang='lat' dir='ltr'>Furiae</span> <span class='ocrx_word' id='word_1_3' title='bbox 373 717 490 798; x_wconf 80' lang='lat' dir='ltr'>Erebi,</span> <span class='ocrx_word' id='word_1_4' title='bbox 515 719 558 800; x_wconf 91' lang='lat' dir='ltr'>V,</span> <span class='ocrx_word' id='word_1_5' title='bbox 584 718 666 801; x_wconf 78' lang='lat'>2993</span> <span class='ocrx_word' id='word_1_6' title='bbox 692 721 852 804; x_wconf 76' lang='lat' dir='ltr'>Erinnys,</span> <span class='ocrx_word' id='word_1_7' title='bbox 879 722 908 804; x_wconf 93' lang='grc' dir='ltr'><strong>Ι,</strong></span> <span class='ocrx_word' id='word_1_8' title='bbox 929 720 1010 802; x_wconf 76' lang='lat'><em>1613</em></span> <span class='ocrx_word' id='word_1_9' title='bbox 1034 720 1096 804; x_wconf 94' lang='lat' dir='ltr'>VI,</span> <span class='ocrx_word' id='word_1_10' title='bbox 1114 720 1194 803; x_wconf 59' lang='lat'>7483</span> <span class='ocrx_word' id='word_1_11' title='bbox 1218 723 1411 803; x_wconf 83' lang='lat' dir='ltr'>Tisiphone,</span> 
     </span>
     <span class='ocr_line' id='line_1_3' title="bbox 241 821 1410 910; baseline 0.007 -28"><span class='ocrx_word' id='word_1_12' title='bbox 241 822 306 904; x_wconf 93' lang='grc' dir='ltr'><strong>ΙΙΙ,</strong></span> <span class='ocrx_word' id='word_1_13' title='bbox 325 821 407 903; x_wconf 74' lang='grc'><strong>322,</strong></span> <span class='ocrx_word' id='word_1_14' title='bbox 425 825 563 906; x_wconf 87' lang='lat' dir='ltr'>Astraea,</span> <span class='ocrx_word' id='word_1_15' title='bbox 583 825 649 906; x_wconf 91' lang='grc' dir='ltr'><strong>ΙΙΙ,</strong></span> <span class='ocrx_word' id='word_1_16' title='bbox 667 824 748 906; x_wconf 70' lang='lat'>9943</span> <span class='ocrx_word' id='word_1_17' title='bbox 773 827 950 908; x_wconf 82' lang='lat' dir='ltr'>Cyclopes,</span> <span class='ocrx_word' id='word_1_18' title='bbox 969 827 1033 910; x_wconf 88' lang='grc' dir='ltr'><strong>ΙΙΙ,</strong></span> <span class='ocrx_word' id='word_1_19' title='bbox 1058 824 1139 908; x_wconf 73' lang='grc'><strong>105,</strong></span> <span class='ocrx_word' id='word_1_20' title='bbox 1159 827 1330 910; x_wconf 76' lang='lat' dir='ltr'>Centauri,</span> <span class='ocrx_word' id='word_1_21' title='bbox 1349 829 1410 909; x_wconf 87' lang='lat' dir='ltr'>vt,</span> 
     </span>
     <span class='ocr_line' id='line_1_4' title="bbox 242 927 1411 1017; baseline 0.005 -26"><span class='ocrx_word' id='word_1_22' title='bbox 242 927 325 1009; x_wconf 71' lang='lat'>5983</span> <span class='ocrx_word' id='word_1_23' title='bbox 345 929 456 1008; x_wconf 86' lang='lat' dir='ltr'>Fama,</span> <span class='ocrx_word' id='word_1_24' title='bbox 478 931 517 1011; x_wconf 92' lang='lat' dir='ltr'>V,</span> <span class='ocrx_word' id='word_1_25' title='bbox 538 929 577 1010; x_wconf 74' lang='lat'>23</span> <span class='ocrx_word' id='word_1_26' title='bbox 601 933 639 1012; x_wconf 89' lang='lat' dir='ltr'>V,</span> <span class='ocrx_word' id='word_1_27' title='bbox 659 930 743 1014; x_wconf 80' lang='lat'>4313</span> <span class='ocrx_word' id='word_1_28' title='bbox 770 934 884 1016; x_wconf 80' lang='lat' dir='ltr'>lason,</span> <span class='ocrx_word' id='word_1_29' title='bbox 910 935 977 1016; x_wconf 92' lang='lat' dir='ltr'>Ill,</span> <span class='ocrx_word' id='word_1_30' title='bbox 1003 932 1086 1014; x_wconf 76' lang='lat'>3153</span> <span class='ocrx_word' id='word_1_31' title='bbox 1112 935 1229 1017; x_wconf 80' lang='lat' dir='ltr'>lanus,</span> <span class='ocrx_word' id='word_1_32' title='bbox 1253 937 1294 1017; x_wconf 89' lang='lat' dir='ltr'>V,</span> <span class='ocrx_word' id='word_1_33' title='bbox 1326 933 1411 1014; x_wconf 77' lang='lat'>4223</span> 
     </span>
     <span class='ocr_line' id='line_1_5' title="bbox 244 1035 1412 1123; baseline 0.006 -27"><span class='ocrx_word' id='word_1_34' title='bbox 244 1035 355 1115; x_wconf 87' lang='lat' dir='ltr'>Helle,</span> <span class='ocrx_word' id='word_1_35' title='bbox 383 1037 524 1118; x_wconf 79' lang='lat' dir='ltr'>Europa,</span> <span class='ocrx_word' id='word_1_36' title='bbox 550 1037 611 1119; x_wconf 91' lang='lat' dir='ltr'>IV,</span> <span class='ocrx_word' id='word_1_37' title='bbox 640 1036 725 1119; x_wconf 63' lang='lat' dir='ltr'>lit,</span> <span class='ocrx_word' id='word_1_38' title='bbox 760 1040 876 1121; x_wconf 86' lang='lat' dir='ltr'>Lethe,</span> <span class='ocrx_word' id='word_1_39' title='bbox 903 1040 944 1122; x_wconf 94' lang='lat' dir='ltr'>V,</span> <span class='ocrx_word' id='word_1_40' title='bbox 975 1038 1033 1118; x_wconf 76' lang='lat'>373</span> <span class='ocrx_word' id='word_1_41' title='bbox 1070 1042 1220 1121; x_wconf 89' lang='lat' dir='ltr'>Medusa,</span> <span class='ocrx_word' id='word_1_42' title='bbox 1237 1042 1299 1122; x_wconf 89' lang='lat' dir='ltr'>Vl,</span> <span class='ocrx_word' id='word_1_43' title='bbox 1328 1039 1412 1123; x_wconf 78' lang='lat'>6033</span> 
     </span>
     <span class='ocr_line' id='line_1_6' title="bbox 245 1141 1411 1230; baseline 0.007 -28"><span class='ocrx_word' id='word_1_44' title='bbox 245 1141 421 1205; x_wconf 78' lang='lat' dir='ltr'>Narcissus</span> <span class='ocrx_word' id='word_1_45' title='bbox 449 1151 480 1204; x_wconf 87' lang='lat' dir='ltr'>ct</span> <span class='ocrx_word' id='word_1_46' title='bbox 503 1143 605 1224; x_wconf 79' lang='lat' dir='ltr'>licha,</span> <span class='ocrx_word' id='word_1_47' title='bbox 634 1145 697 1225; x_wconf 93' lang='grc' dir='ltr'><strong>ΙΙΙ,</strong></span> <span class='ocrx_word' id='word_1_48' title='bbox 715 1143 777 1225; x_wconf 81' lang='lat'>983</span> <span class='ocrx_word' id='word_1_49' title='bbox 795 1146 919 1226; x_wconf 82' lang='lat' dir='ltr'>Parcae,</span> <span class='ocrx_word' id='word_1_50' title='bbox 937 1146 978 1227; x_wconf 92' lang='lat' dir='ltr'>V,</span> <span class='ocrx_word' id='word_1_51' title='bbox 999 1144 1080 1225; x_wconf 76' lang='lat'>7113</span> <span class='ocrx_word' id='word_1_52' title='bbox 1098 1146 1158 1227; x_wconf 91' lang='lat' dir='ltr'>Vl,</span> <span class='ocrx_word' id='word_1_53' title='bbox 1176 1145 1258 1226; x_wconf 77' lang='lat'>7423</span> <span class='ocrx_word' id='word_1_54' title='bbox 1280 1148 1411 1230; x_wconf 84' lang='lat' dir='ltr'>Pirrha,</span> 
     </span>
     <span class='ocr_line' id='line_1_7' title="bbox 246 1245 1186 1332; baseline 0.005 -23"><span class='ocrx_word' id='word_1_55' title='bbox 246 1247 306 1328; x_wconf 92' lang='lat' dir='ltr'>VI,</span> <span class='ocrx_word' id='word_1_56' title='bbox 325 1245 406 1327; x_wconf 75' lang='lat'>7453</span> <span class='ocrx_word' id='word_1_57' title='bbox 424 1247 568 1331; x_wconf 88' lang='lat' dir='ltr'>Semele,</span> <span class='ocrx_word' id='word_1_58' title='bbox 586 1251 628 1330; x_wconf 88' lang='lat' dir='ltr'>V,</span> <span class='ocrx_word' id='word_1_59' title='bbox 648 1250 728 1331; x_wconf 78' lang='lat'>1723</span> <span class='ocrx_word' id='word_1_60' title='bbox 746 1251 894 1332; x_wconf 89' lang='lat' dir='ltr'>Titanes,</span> <span class='ocrx_word' id='word_1_61' title='bbox 913 1251 979 1331; x_wconf 87' lang='grc' dir='ltr'><strong>ΙΙΙ,</strong></span> <span class='ocrx_word' id='word_1_62' title='bbox 997 1250 1074 1332; x_wconf 85' lang='grc'><strong>298,</strong></span> <span class='ocrx_word' id='word_1_63' title='bbox 1093 1252 1186 1314; x_wconf 89' lang='lat' dir='ltr'>etc.¹.</span> 
     </span>
    </p>
   </div>
   <div class='ocr_carea' id='block_1_3' title="bbox 245 1354 1413 1672">
    <p class='ocr_par' dir='ltr' id='par_1_3' title="bbox 245 1354 1413 1672">
     <span class='ocr_line' id='line_1_8' title="bbox 289 1354 1413 1439; baseline 0.005 -25"><span class='ocrx_word' id='word_1_64' title='bbox 289 1354 351 1414; x_wconf 92' lang='lat' dir='ltr'>His</span> <span class='ocrx_word' id='word_1_65' title='bbox 373 1354 553 1417; x_wconf 75' lang='lat' dir='ltr'>Fortunam</span> <span class='ocrx_word' id='word_1_66' title='bbox 568 1357 718 1439; x_wconf 85' lang='lat' dir='ltr'>adjicias,</span> <span class='ocrx_word' id='word_1_67' title='bbox 735 1376 808 1437; x_wconf 88' lang='lat' dir='ltr'>quae</span> <span class='ocrx_word' id='word_1_68' title='bbox 831 1359 955 1420; x_wconf 88' lang='lat' dir='ltr'>victum</span> <span class='ocrx_word' id='word_1_69' title='bbox 977 1357 1135 1421; x_wconf 89' lang='lat' dir='ltr'>Carolum</span> <span class='ocrx_word' id='word_1_70' title='bbox 1154 1360 1304 1422; x_wconf 89' lang='lat' dir='ltr'>derisura</span> <span class='ocrx_word' id='word_1_71' title='bbox 1318 1359 1413 1420; x_wconf 90' lang='lat' dir='ltr'>indu-</span> 
     </span>
     <span class='ocr_line' id='line_1_9' title="bbox 245 1459 344 1521; baseline 0.01 -1"><span class='ocrx_word' id='word_1_72' title='bbox 245 1459 344 1521; x_wconf 89' lang='lat' dir='ltr'>citur:</span> 
     </span>
     <span class='ocr_line' id='line_1_10' title="bbox 281 1603 604 1672; baseline -0.003 -13"><span class='ocrx_word' id='word_1_73' title='bbox 281 1603 389 1672; x_wconf 61' lang='lat' dir='ltr'>Nunc„</span> <span class='ocrx_word' id='word_1_74' title='bbox 405 1603 458 1672; x_wconf 90' lang='lat' dir='ltr'>VI,</span> <span class='ocrx_word' id='word_1_75' title='bbox 475 1622 503 1661; x_wconf 89' lang='lat' dir='ltr'>v.</span> <span class='ocrx_word' id='word_1_76' title='bbox 522 1605 579 1658; x_wconf 89' lang='grc'>696</span> <span class='ocrx_word' id='word_1_77' title='bbox 597 1624 604 1657; x_wconf 88' lang='lat'>:</span> 
     </span>
    </p>
   </div>
   <div class='ocr_carea' id='block_1_4' title="bbox 286 1702 1319 2367">
    <p class='ocr_par' dir='ltr' id='par_1_4' title="bbox 454 1702 1319 2247">
     <span class='ocr_line' id='line_1_11' title="bbox 458 1702 1177 1759; baseline 0.003 -2"><span class='ocrx_word' id='word_1_78' title='bbox 458 1702 515 1757; x_wconf 87' lang='lat' dir='ltr'>Hic</span> <span class='ocrx_word' id='word_1_79' title='bbox 530 1702 664 1756; x_wconf 86' lang='lat' dir='ltr'>miserum</span> <span class='ocrx_word' id='word_1_80' title='bbox 679 1703 774 1757; x_wconf 86' lang='lat' dir='ltr'>risura</span> <span class='ocrx_word' id='word_1_81' title='bbox 788 1705 890 1758; x_wconf 87' lang='lat' dir='ltr'>ducem</span> <span class='ocrx_word' id='word_1_82' title='bbox 906 1705 1035 1759; x_wconf 82' lang='lat' dir='ltr'>Fortuna</span> <span class='ocrx_word' id='word_1_83' title='bbox 1050 1705 1177 1759; x_wconf 87' lang='lat' dir='ltr'>cruentis</span> 
     </span>
     <span class='ocr_line' id='line_1_12' title="bbox 454 1799 1175 1872; baseline 0.003 -18"><span class='ocrx_word' id='word_1_84' title='bbox 454 1799 610 1872; x_wconf 87' lang='lat' dir='ltr'>Applausit</span> <span class='ocrx_word' id='word_1_85' title='bbox 624 1801 769 1871; x_wconf 88' lang='lat' dir='ltr'>manibus,</span> <span class='ocrx_word' id='word_1_86' title='bbox 786 1808 856 1856; x_wconf 89' lang='lat' dir='ltr'>tunc</span> <span class='ocrx_word' id='word_1_87' title='bbox 870 1808 899 1857; x_wconf 87' lang='lat' dir='ltr'>et</span> <span class='ocrx_word' id='word_1_88' title='bbox 913 1803 1037 1858; x_wconf 86' lang='lat' dir='ltr'>crudelis</span> <span class='ocrx_word' id='word_1_89' title='bbox 1052 1803 1088 1856; x_wconf 90' lang='lat' dir='ltr'>ad</span> <span class='ocrx_word' id='word_1_90' title='bbox 1103 1803 1175 1856; x_wconf 92' lang='lat' dir='ltr'>illud</span> 
     </span>
     <span class='ocr_line' id='line_1_13' title="bbox 455 1897 1244 1970; baseline 0.003 -18"><span class='ocrx_word' id='word_1_91' title='bbox 455 1897 567 1968; x_wconf 83' lang='lat' dir='ltr'>Corpus</span> <span class='ocrx_word' id='word_1_92' title='bbox 583 1916 657 1969; x_wconf 90' lang='lat' dir='ltr'>equo</span> <span class='ocrx_word' id='word_1_93' title='bbox 672 1916 801 1968; x_wconf 86' lang='lat' dir='ltr'>pressum</span> <span class='ocrx_word' id='word_1_94' title='bbox 815 1898 919 1954; x_wconf 87' lang='lat' dir='ltr'>frontis</span> <span class='ocrx_word' id='word_1_95' title='bbox 935 1901 1096 1970; x_wconf 87' lang='lat' dir='ltr'>mentisque</span> <span class='ocrx_word' id='word_1_96' title='bbox 1111 1900 1244 1954; x_wconf 85' lang='lat' dir='ltr'>lucernas</span> 
     </span>
     <span class='ocr_line' id='line_1_14' title="bbox 457 1996 1067 2069; baseline 0.005 -20"><span class='ocrx_word' id='word_1_97' title='bbox 457 1996 614 2052; x_wconf 81' lang='lat' dir='ltr'>Terribiles</span> <span class='ocrx_word' id='word_1_98' title='bbox 629 1996 732 2068; x_wconf 85' lang='lat' dir='ltr'>figens,</span> <span class='ocrx_word' id='word_1_99' title='bbox 750 2015 780 2052; x_wconf 88' lang='lat' dir='ltr'>re</span> <span class='ocrx_word' id='word_1_100' title='bbox 794 2015 824 2051; x_wconf 86' lang='lat' dir='ltr'>se</span> <span class='ocrx_word' id='word_1_101' title='bbox 840 1998 950 2052; x_wconf 87' lang='lat' dir='ltr'>solatur</span> <span class='ocrx_word' id='word_1_102' title='bbox 964 1998 1067 2069; x_wconf 81' lang='lat' dir='ltr'>atroci,</span> 
     </span>
     <span class='ocr_line' id='line_1_15' title="bbox 457 2093 1319 2165; baseline 0 -16"><span class='ocrx_word' id='word_1_103' title='bbox 457 2095 604 2165; x_wconf 85' lang='lat' dir='ltr'>Huncque</span> <span class='ocrx_word' id='word_1_104' title='bbox 617 2093 700 2148; x_wconf 84' lang='lat' dir='ltr'>ferox</span> <span class='ocrx_word' id='word_1_105' title='bbox 712 2101 827 2161; x_wconf 85' lang='lat' dir='ltr'>sannat,</span> <span class='ocrx_word' id='word_1_106' title='bbox 844 2112 930 2165; x_wconf 91' lang='lat' dir='ltr'>quem</span> <span class='ocrx_word' id='word_1_107' title='bbox 945 2095 1035 2151; x_wconf 89' lang='lat' dir='ltr'>milite</span> <span class='ocrx_word' id='word_1_108' title='bbox 1050 2095 1143 2150; x_wconf 87' lang='lat' dir='ltr'>cernit</span> <span class='ocrx_word' id='word_1_109' title='bbox 1157 2094 1193 2149; x_wconf 88' lang='lat' dir='ltr'>ab</span> <span class='ocrx_word' id='word_1_110' title='bbox 1209 2096 1287 2149; x_wconf 90' lang='lat' dir='ltr'>omni</span> <span class='ocrx_word' id='word_1_111' title='bbox 1312 2140 1319 2149; x_wconf 87' lang='lat'><em>.</em></span> 
     </span>
     <span class='ocr_line' id='line_1_16' title="bbox 458 2190 1105 2247; baseline 0.002 -1"><span class='ocrx_word' id='word_1_112' title='bbox 458 2190 604 2247; x_wconf 86' lang='lat' dir='ltr'>Semotum</span> <span class='ocrx_word' id='word_1_113' title='bbox 620 2197 649 2246; x_wconf 88' lang='lat' dir='ltr'>ct</span> <span class='ocrx_word' id='word_1_114' title='bbox 663 2193 731 2247; x_wconf 87' lang='lat' dir='ltr'>totis</span> <span class='ocrx_word' id='word_1_115' title='bbox 746 2193 889 2247; x_wconf 83' lang='lat' dir='ltr'>desertum</span> <span class='ocrx_word' id='word_1_116' title='bbox 905 2192 979 2247; x_wconf 89' lang='lat' dir='ltr'>ridet</span> <span class='ocrx_word' id='word_1_117' title='bbox 993 2193 1105 2247; x_wconf 85' lang='lat' dir='ltr'>amicis.</span> 
     </span>
    </p>

    <p class='ocr_par' dir='ltr' id='par_1_5' title="bbox 286 2284 1287 2367">
     <span class='ocr_line' id='line_1_17' title="bbox 286 2284 1287 2367; baseline 0.004 -27"><span class='ocrx_word' id='word_1_118' title='bbox 286 2284 331 2344; x_wconf 82' lang='lat' dir='ltr'>cf.</span> <span class='ocrx_word' id='word_1_119' title='bbox 348 2287 389 2359; x_wconf 91' lang='grc' dir='ltr'>ΙΙ,</span> <span class='ocrx_word' id='word_1_120' title='bbox 406 2307 434 2344; x_wconf 85' lang='lat' dir='ltr'>v.</span> <span class='ocrx_word' id='word_1_121' title='bbox 451 2289 509 2344; x_wconf 87' lang='grc'>485</span> <span class='ocrx_word' id='word_1_122' title='bbox 527 2309 534 2342; x_wconf 89' lang='lat'>:</span> <span class='ocrx_word' id='word_1_123' title='bbox 549 2289 680 2344; x_wconf 85' lang='lat' dir='ltr'>Fortuna</span> <span class='ocrx_word' id='word_1_124' title='bbox 695 2307 781 2360; x_wconf 88' lang='lat' dir='ltr'>super</span> <span class='ocrx_word' id='word_1_125' title='bbox 795 2289 858 2367; x_wconf 83' lang='lat' dir='ltr'>haec</span> <span class='ocrx_word' id='word_1_126' title='bbox 872 2307 975 2344; x_wconf 83' lang='lat' dir='ltr'>nasum</span> <span class='ocrx_word' id='word_1_127' title='bbox 990 2290 1134 2359; x_wconf 83' lang='lat' dir='ltr'>crispante</span> <span class='ocrx_word' id='word_1_128' title='bbox 1149 2290 1287 2360; x_wconf 86' lang='lat' dir='ltr'>maligna.</span> 
     </span>
    </p>
   </div>
   <div class='ocr_carea' id='block_1_5' title="bbox 172 2417 1414 3655">
    <p class='ocr_par' dir='ltr' id='par_1_6' title="bbox 246 2417 1238 2508">
     <span class='ocr_line' id='line_1_18' title="bbox 246 2417 1238 2508; baseline 0.001 -25"><span class='ocrx_word' id='word_1_129' title='bbox 246 2420 302 2483; x_wconf 88' lang='lat' dir='ltr'>Sic</span> <span class='ocrx_word' id='word_1_130' title='bbox 317 2441 375 2501; x_wconf 89' lang='lat' dir='ltr'>per</span> <span class='ocrx_word' id='word_1_131' title='bbox 389 2417 574 2508; x_wconf 66' lang='grc' dir='ltr'>ἀλληγορίαν</span> <span class='ocrx_word' id='word_1_132' title='bbox 589 2423 741 2484; x_wconf 85' lang='lat' dir='ltr'>infensus</span> <span class='ocrx_word' id='word_1_133' title='bbox 759 2423 870 2485; x_wconf 88' lang='lat' dir='ltr'>Caroli</span> <span class='ocrx_word' id='word_1_134' title='bbox 885 2424 1005 2500; x_wconf 81' lang='lat' dir='ltr'>genius</span> <span class='ocrx_word' id='word_1_135' title='bbox 1021 2425 1238 2501; x_wconf 83' lang='lat' dir='ltr'>significatur.</span> 
     </span>
    </p>

    <p class='ocr_par' dir='ltr' id='par_1_7' title="bbox 286 2525 1413 2610">
     <span class='ocr_line' id='line_1_19' title="bbox 286 2525 1413 2610; baseline 0.002 -22"><span class='ocrx_word' id='word_1_136' title='bbox 286 2525 361 2589; x_wconf 92' lang='lat' dir='ltr'>Duo</span> <span class='ocrx_word' id='word_1_137' title='bbox 376 2536 510 2590; x_wconf 87' lang='lat' dir='ltr'>tantum</span> <span class='ocrx_word' id='word_1_138' title='bbox 530 2530 668 2591; x_wconf 91' lang='lat' dir='ltr'>numina</span> <span class='ocrx_word' id='word_1_139' title='bbox 687 2530 784 2608; x_wconf 90' lang='lat' dir='ltr'>paulo</span> <span class='ocrx_word' id='word_1_140' title='bbox 800 2530 995 2606; x_wconf 85' lang='lat' dir='ltr'>diligentius</span> <span class='ocrx_word' id='word_1_141' title='bbox 1011 2529 1108 2592; x_wconf 89' lang='lat' dir='ltr'>rebus</span> <span class='ocrx_word' id='word_1_142' title='bbox 1131 2531 1308 2610; x_wconf 86' lang='lat' dir='ltr'>intersunt,</span> <span class='ocrx_word' id='word_1_143' title='bbox 1326 2529 1413 2590; x_wconf 87' lang='lat' dir='ltr'>Mars</span> 
     </span>
    </p>

    <p class='ocr_par' dir='ltr' id='par_1_8' title="bbox 172 2635 1414 3655">
     <span class='ocr_line' id='line_1_20' title="bbox 242 2635 1414 2717; baseline 0 -21"><span class='ocrx_word' id='word_1_144' title='bbox 242 2635 279 2696; x_wconf 89' lang='lat' dir='ltr'>in</span> <span class='ocrx_word' id='word_1_145' title='bbox 294 2636 423 2717; x_wconf 85' lang='lat' dir='ltr'>primis,</span> <span class='ocrx_word' id='word_1_146' title='bbox 442 2636 536 2715; x_wconf 90' lang='lat' dir='ltr'>cujus</span> <span class='ocrx_word' id='word_1_147' title='bbox 551 2637 721 2715; x_wconf 86' lang='lat' dir='ltr'>provincia</span> <span class='ocrx_word' id='word_1_148' title='bbox 736 2638 863 2697; x_wconf 88' lang='lat' dir='ltr'>censeri</span> <span class='ocrx_word' id='word_1_149' title='bbox 878 2644 983 2715; x_wconf 86' lang='lat' dir='ltr'>potest</span> <span class='ocrx_word' id='word_1_150' title='bbox 994 2637 1095 2716; x_wconf 89' lang='lat' dir='ltr'>hujus</span> <span class='ocrx_word' id='word_1_151' title='bbox 1105 2637 1266 2715; x_wconf 88' lang='lat' dir='ltr'>poematis</span> <span class='ocrx_word' id='word_1_152' title='bbox 1277 2635 1414 2696; x_wconf 87' lang='lat' dir='ltr'>materia</span> 
     </span>
     <span class='ocr_line' id='line_1_21' title="bbox 243 2741 1414 2821; baseline 0 -18"><span class='ocrx_word' id='word_1_153' title='bbox 243 2743 279 2803; x_wconf 89' lang='lat' dir='ltr'>in</span> <span class='ocrx_word' id='word_1_154' title='bbox 305 2743 425 2821; x_wconf 84' lang='lat' dir='ltr'>pugnis</span> <span class='ocrx_word' id='word_1_155' title='bbox 449 2751 480 2804; x_wconf 87' lang='lat' dir='ltr'>et</span> <span class='ocrx_word' id='word_1_156' title='bbox 500 2742 731 2805; x_wconf 86' lang='lat' dir='ltr'>obsidionibus</span> <span class='ocrx_word' id='word_1_157' title='bbox 757 2750 823 2804; x_wconf 90' lang='lat' dir='ltr'>tota</span> <span class='ocrx_word' id='word_1_158' title='bbox 846 2750 984 2806; x_wconf 88' lang='lat' dir='ltr'>versata.</span> <span class='ocrx_word' id='word_1_159' title='bbox 1008 2741 1111 2804; x_wconf 86' lang='lat' dir='ltr'>Saevit</span> <span class='ocrx_word' id='word_1_160' title='bbox 1131 2743 1192 2803; x_wconf 93' lang='lat' dir='ltr'>ille</span> <span class='ocrx_word' id='word_1_161' title='bbox 1211 2743 1246 2802; x_wconf 89' lang='lat' dir='ltr'>in</span> <span class='ocrx_word' id='word_1_162' title='bbox 1268 2743 1414 2804; x_wconf 85' lang='lat' dir='ltr'>cruentis</span> 
     </span>
     <span class='ocr_line' id='line_1_22' title="bbox 172 2847 1412 2928; baseline -0.002 -19"><span class='ocrx_word' id='word_1_163' title='bbox 172 2858 174 2863; x_wconf 71' lang='lat'>‘</span> <span class='ocrx_word' id='word_1_164' title='bbox 244 2849 492 2928; x_wconf 86' lang='lat' dir='ltr'>certaminibus,</span> <span class='ocrx_word' id='word_1_165' title='bbox 516 2848 575 2909; x_wconf 92' lang='lat' dir='ltr'>ubi</span> <span class='ocrx_word' id='word_1_166' title='bbox 601 2874 616 2903; x_wconf 70' lang='grc' dir='ltr'><strong><em>α</em></strong></span> <span class='ocrx_word' id='word_1_167' title='bbox 642 2849 790 2909; x_wconf 87' lang='lat' dir='ltr'>membra</span> <span class='ocrx_word' id='word_1_168' title='bbox 813 2848 982 2911; x_wconf 79' lang='lat' dir='ltr'>volant...</span> <span class='ocrx_word' id='word_1_169' title='bbox 999 2850 1097 2910; x_wconf 90' lang='lat' dir='ltr'>Marti</span> <span class='ocrx_word' id='word_1_170' title='bbox 1112 2847 1258 2911; x_wconf 88' lang='lat' dir='ltr'>ludibria</span> <span class='ocrx_word' id='word_1_171' title='bbox 1275 2856 1363 2910; x_wconf 86' lang='lat' dir='ltr'>torvo</span> <span class='ocrx_word' id='word_1_172' title='bbox 1382 2873 1412 2907; x_wconf 84' lang='lat'>».</span> 
     </span>
     <span class='ocr_line' id='line_1_23' title="bbox 245 2951 1414 3038; baseline 0 -24"><span class='ocrx_word' id='word_1_173' title='bbox 245 2951 306 3038; x_wconf 86' lang='lat' dir='ltr'>(II,</span> <span class='ocrx_word' id='word_1_174' title='bbox 325 2951 382 3034; x_wconf 75' lang='lat'>883</span> <span class='ocrx_word' id='word_1_175' title='bbox 397 2956 438 3018; x_wconf 87' lang='lat' dir='ltr'>cf.</span> <span class='ocrx_word' id='word_1_176' title='bbox 450 2955 498 3036; x_wconf 93' lang='grc' dir='ltr'><strong>ΙΙ,</strong></span> <span class='ocrx_word' id='word_1_177' title='bbox 517 2951 609 3037; x_wconf 85' lang='lat'>117.)</span> <span class='ocrx_word' id='word_1_178' title='bbox 622 2954 690 3016; x_wconf 91' lang='lat' dir='ltr'>Nec</span> <span class='ocrx_word' id='word_1_179' title='bbox 706 2955 828 3016; x_wconf 89' lang='lat' dir='ltr'>mirum</span> <span class='ocrx_word' id='word_1_180' title='bbox 843 2954 1100 3016; x_wconf 89' lang='lat' dir='ltr'>dilectissimum</span> <span class='ocrx_word' id='word_1_181' title='bbox 1111 2955 1142 3016; x_wconf 87' lang='lat' dir='ltr'>ei</span> <span class='ocrx_word' id='word_1_182' title='bbox 1154 2956 1210 3016; x_wconf 90' lang='lat' dir='ltr'>diu</span> <span class='ocrx_word' id='word_1_183' title='bbox 1221 2954 1414 3030; x_wconf 84' lang='lat' dir='ltr'>bellatorem</span> 
     </span>
     <span class='ocr_line' id='line_1_24' title="bbox 247 3056 1413 3148; baseline -0.003 -24"><span class='ocrx_word' id='word_1_184' title='bbox 247 3060 403 3124; x_wconf 88' lang='lat' dir='ltr'>Carolum</span> <span class='ocrx_word' id='word_1_185' title='bbox 416 3062 532 3141; x_wconf 86' lang='lat' dir='ltr'>fuisse,</span> <span class='ocrx_word' id='word_1_186' title='bbox 546 3056 640 3140; x_wconf 81' lang='lat' dir='ltr'>cujus</span> <span class='ocrx_word' id='word_1_187' title='bbox 655 3060 846 3123; x_wconf 89' lang='lat' dir='ltr'>natalitium</span> <span class='ocrx_word' id='word_1_188' title='bbox 861 3062 967 3123; x_wconf 87' lang='lat' dir='ltr'>sidere</span> <span class='ocrx_word' id='word_1_189' title='bbox 982 3080 1041 3123; x_wconf 88' lang='lat' dir='ltr'>suo</span> <span class='ocrx_word' id='word_1_190' title='bbox 1053 3062 1194 3123; x_wconf 84' lang='lat' dir='ltr'>induxit.</span> <span class='ocrx_word' id='word_1_191' title='bbox 1208 3058 1265 3145; x_wconf 89' lang='lat' dir='ltr'>(V,</span> <span class='ocrx_word' id='word_1_192' title='bbox 1277 3058 1332 3142; x_wconf 81' lang='grc'><strong>47,</strong></span> <span class='ocrx_word' id='word_1_193' title='bbox 1347 3057 1413 3148; x_wconf 85' lang='lat' dir='ltr'>sq.)</span> 
     </span>
     <span class='ocr_line' id='line_1_25' title="bbox 229 3148 1409 3246; baseline -0.003 -17"><span class='ocrx_word' id='word_1_194' title='bbox 229 3148 233 3155; x_wconf 38' lang='lat'><strong>¹</strong></span> <span class='ocrx_word' id='word_1_195' title='bbox 247 3168 312 3230; x_wconf 88' lang='lat' dir='ltr'>Sed</span> <span class='ocrx_word' id='word_1_196' title='bbox 324 3186 398 3230; x_wconf 76' lang='lat' dir='ltr'>cunr</span> <span class='ocrx_word' id='word_1_197' title='bbox 414 3168 594 3229; x_wconf 89' lang='lat' dir='ltr'>novissime</span> <span class='ocrx_word' id='word_1_198' title='bbox 610 3174 723 3237; x_wconf 88' lang='lat' dir='ltr'>contra</span> <span class='ocrx_word' id='word_1_199' title='bbox 733 3168 988 3244; x_wconf 82' lang='lat' dir='ltr'>Burgnudorum</span> <span class='ocrx_word' id='word_1_200' title='bbox 999 3167 1115 3228; x_wconf 90' lang='lat' dir='ltr'>ducem</span> <span class='ocrx_word' id='word_1_201' title='bbox 1126 3167 1409 3246; x_wconf 85' lang='lat' dir='ltr'>accenditVenns‚</span> 
     </span>
     <span class='ocr_line' id='line_1_26' title="bbox 246 3270 1411 3352; baseline -0.003 -16"><span class='ocrx_word' id='word_1_202' title='bbox 246 3270 371 3337; x_wconf 88' lang='lat' dir='ltr'>levibns</span> <span class='ocrx_word' id='word_1_203' title='bbox 388 3292 466 3336; x_wconf 91' lang='lat' dir='ltr'>sane</span> <span class='ocrx_word' id='word_1_204' title='bbox 482 3275 523 3335; x_wconf 86' lang='lat' dir='ltr'>ds</span> <span class='ocrx_word' id='word_1_205' title='bbox 538 3275 646 3336; x_wconf 86' lang='lat' dir='ltr'>causis</span> <span class='ocrx_word' id='word_1_206' title='bbox 658 3282 689 3335; x_wconf 89' lang='lat' dir='ltr'>et</span> <span class='ocrx_word' id='word_1_207' title='bbox 700 3272 876 3352; x_wconf 87' lang='lat' dir='ltr'>pueriliter</span> <span class='ocrx_word' id='word_1_208' title='bbox 891 3275 1095 3350; x_wconf 85' lang='lat' dir='ltr'>excogitatis.</span> <span class='ocrx_word' id='word_1_209' title='bbox 1116 3274 1254 3336; x_wconf 87' lang='lat' dir='ltr'>Carolus</span> <span class='ocrx_word' id='word_1_210' title='bbox 1271 3274 1411 3350; x_wconf 87' lang='lat' dir='ltr'>scilicet,</span> 
     </span>
     <span class='ocr_line' id='line_1_27' title="bbox 243 3377 1411 3457; baseline -0.001 -15"><span class='ocrx_word' id='word_1_211' title='bbox 243 3398 318 3442; x_wconf 90' lang='lat' dir='ltr'>oum</span> <span class='ocrx_word' id='word_1_212' title='bbox 332 3380 515 3442; x_wconf 88' lang='lat' dir='ltr'>audivisset</span> <span class='ocrx_word' id='word_1_213' title='bbox 533 3377 647 3441; x_wconf 84' lang='lat' dir='ltr'>Sancti</span> <span class='ocrx_word' id='word_1_214' title='bbox 669 3378 798 3440; x_wconf 88' lang='lat' dir='ltr'>Nicolai</span> <span class='ocrx_word' id='word_1_215' title='bbox 821 3387 955 3457; x_wconf 89' lang='lat' dir='ltr'>pontem</span> <span class='ocrx_word' id='word_1_216' title='bbox 975 3378 1028 3439; x_wconf 89' lang='lat' dir='ltr'>die</span> <span class='ocrx_word' id='word_1_217' title='bbox 1043 3378 1168 3439; x_wconf 89' lang='lat' dir='ltr'>Veneri</span> <span class='ocrx_word' id='word_1_218' title='bbox 1189 3378 1296 3440; x_wconf 88' lang='lat' dir='ltr'>dicata</span> <span class='ocrx_word' id='word_1_219' title='bbox 1316 3381 1411 3442; x_wconf 64' lang='lat' dir='ltr'>alre-</span> 
     </span>
     <span class='ocr_line' id='line_1_28' title="bbox 242 3484 1412 3567; baseline 0.003 -22"><span class='ocrx_word' id='word_1_220' title='bbox 242 3485 406 3564; x_wconf 76' lang='lat' dir='ltr'>thuringis</span> <span class='ocrx_word' id='word_1_221' title='bbox 417 3493 611 3563; x_wconf 86' lang='lat' dir='ltr'>occupatum</span> <span class='ocrx_word' id='word_1_222' title='bbox 622 3504 705 3567; x_wconf 88' lang='lat' dir='ltr'>esse,</span> <span class='ocrx_word' id='word_1_223' title='bbox 711 3485 877 3564; x_wconf 88' lang='lat' dir='ltr'>juraverat</span> <span class='ocrx_word' id='word_1_224' title='bbox 888 3484 1312 3564; x_wconf 85' lang='lat' dir='ltr'>senunqnamposteahanc</span> <span class='ocrx_word' id='word_1_225' title='bbox 1323 3485 1412 3548; x_wconf 89' lang='lat' dir='ltr'>diem</span> 
     </span>
     <span class='ocr_line' id='line_1_29' title="bbox 243 3600 495 3655; baseline -0.008 -1"><span class='ocrx_word' id='word_1_226' title='bbox 243 3600 475 3655; x_wconf 89' lang='lat' dir='ltr'>veneraturum</span> <span class='ocrx_word' id='word_1_227' title='bbox 488 3612 495 3652; x_wconf 92' lang='lat'><strong>:</strong></span> 
     </span>
    </p>
   </div>
   <div class='ocr_carea' id='block_1_6' title="bbox 282 3757 1303 4025">
    <p class='ocr_par' dir='ltr' id='par_1_9' title="bbox 282 3757 1303 4025">
     <span class='ocr_line' id='line_1_30' title="bbox 282 3757 1271 3831; baseline -0.002 -16"><span class='ocrx_word' id='word_1_228' title='bbox 282 3760 335 3831; x_wconf 84' lang='lat' dir='ltr'>VI,</span> <span class='ocrx_word' id='word_1_229' title='bbox 351 3777 381 3818; x_wconf 86' lang='lat' dir='ltr'>v.</span> <span class='ocrx_word' id='word_1_230' title='bbox 398 3759 454 3813; x_wconf 83' lang='lat'>195</span> <span class='ocrx_word' id='word_1_231' title='bbox 470 3775 535 3829; x_wconf 89' lang='lat' dir='ltr'>sq.:</span> <span class='ocrx_word' id='word_1_232' title='bbox 558 3801 565 3815; x_wconf 92' lang='lat'><strong>.</strong></span> <span class='ocrx_word' id='word_1_233' title='bbox 588 3802 594 3814; x_wconf 93' lang='lat'><strong>.</strong></span> <span class='ocrx_word' id='word_1_234' title='bbox 616 3802 623 3814; x_wconf 92' lang='lat'><strong>.</strong></span> <span class='ocrx_word' id='word_1_235' title='bbox 649 3759 748 3813; x_wconf 88' lang='lat' dir='ltr'>Venus</span> <span class='ocrx_word' id='word_1_236' title='bbox 762 3759 819 3814; x_wconf 89' lang='lat' dir='ltr'>hoc</span> <span class='ocrx_word' id='word_1_237' title='bbox 833 3763 931 3829; x_wconf 88' lang='lat' dir='ltr'>spretu</span> <span class='ocrx_word' id='word_1_238' title='bbox 945 3765 989 3813; x_wconf 86' lang='lat' dir='ltr'>est</span> <span class='ocrx_word' id='word_1_239' title='bbox 1005 3757 1115 3814; x_wconf 86' lang='lat' dir='ltr'>offensa</span> <span class='ocrx_word' id='word_1_240' title='bbox 1129 3776 1271 3830; x_wconf 84' lang='lat' dir='ltr'>suumque</span> 
     </span>
     <span class='ocr_line' id='line_1_31' title="bbox 469 3855 1244 3926; baseline 0 -16"><span class='ocrx_word' id='word_1_241' title='bbox 469 3856 628 3913; x_wconf 79' lang='lat' dir='ltr'>Mauortem</span> <span class='ocrx_word' id='word_1_242' title='bbox 641 3855 734 3910; x_wconf 85' lang='lat' dir='ltr'>irritat</span> <span class='ocrx_word' id='word_1_243' title='bbox 749 3855 947 3926; x_wconf 89' lang='lat' dir='ltr'>blasphemum</span> <span class='ocrx_word' id='word_1_244' title='bbox 963 3856 1101 3910; x_wconf 83' lang='lat' dir='ltr'>adversus</span> <span class='ocrx_word' id='word_1_245' title='bbox 1116 3862 1145 3911; x_wconf 87' lang='lat' dir='ltr'>et</span> <span class='ocrx_word' id='word_1_246' title='bbox 1159 3855 1244 3910; x_wconf 89' lang='lat' dir='ltr'>infit:</span> 
     </span>
     <span class='ocr_line' id='line_1_32' title="bbox 473 3952 1303 4025; baseline 0.005 -21"><span class='ocrx_word' id='word_1_247' title='bbox 473 3977 485 4004; x_wconf 86' lang='lat'>‹</span> <span class='ocrx_word' id='word_1_248' title='bbox 508 3955 596 4010; x_wconf 89' lang='lat' dir='ltr'>Nulla</span> <span class='ocrx_word' id='word_1_249' title='bbox 610 3952 734 4025; x_wconf 85' lang='lat' dir='ltr'>superba</span> <span class='ocrx_word' id='word_1_250' title='bbox 749 3955 809 4008; x_wconf 85' lang='lat' dir='ltr'>dies</span> <span class='ocrx_word' id='word_1_251' title='bbox 822 3953 955 4022; x_wconf 85' lang='lat' dir='ltr'>Veneris,</span> <span class='ocrx_word' id='word_1_252' title='bbox 972 3953 1042 4006; x_wconf 91' lang='lat' dir='ltr'>mihi</span> <span class='ocrx_word' id='word_1_253' title='bbox 1058 3955 1151 4022; x_wconf 84' lang='lat' dir='ltr'>eredo,</span> <span class='ocrx_word' id='word_1_254' title='bbox 1170 3954 1303 4023; x_wconf 88' lang='lat' dir='ltr'>colenda,</span> 
     </span>
    </p>
   </div>
   <div class='ocr_carea' id='block_1_7' title="bbox 240 4231 1409 4438">
    <p class='ocr_par' dir='ltr' id='par_1_10' title="bbox 240 4231 1409 4438">
     <span class='ocr_line' id='line_1_33' title="bbox 276 4231 1408 4298; baseline -0.002 -14"><span class='ocrx_word' id='word_1_255' title='bbox 276 4235 296 4284; x_wconf 89' lang='lat'>1.</span> <span class='ocrx_word' id='word_1_256' title='bbox 312 4234 352 4284; x_wconf 87' lang='lat' dir='ltr'>De</span> <span class='ocrx_word' id='word_1_257' title='bbox 373 4233 522 4292; x_wconf 85' lang='lat' dir='ltr'>Titanibus,</span> <span class='ocrx_word' id='word_1_258' title='bbox 542 4246 611 4298; x_wconf 83' lang='lat' dir='ltr'>quos</span> <span class='ocrx_word' id='word_1_259' title='bbox 629 4232 693 4284; x_wconf 84' lang='lat' dir='ltr'>alias</span> <span class='ocrx_word' id='word_1_260' title='bbox 710 4231 838 4296; x_wconf 81' lang='lat' dir='ltr'>Gigantes</span> <span class='ocrx_word' id='word_1_261' title='bbox 854 4231 1005 4282; x_wconf 85' lang='lat' dir='ltr'>orchieolas</span> <span class='ocrx_word' id='word_1_262' title='bbox 1022 4232 1052 4293; x_wconf 82' lang='lat' dir='ltr'>(l,</span> <span class='ocrx_word' id='word_1_263' title='bbox 1073 4232 1123 4294; x_wconf 81' lang='lat' dir='ltr'>tle)</span> <span class='ocrx_word' id='word_1_264' title='bbox 1140 4231 1286 4296; x_wconf 86' lang='lat' dir='ltr'>appellavit</span> <span class='ocrx_word' id='word_1_265' title='bbox 1300 4231 1408 4291; x_wconf 87' lang='lat' dir='ltr'>Petrus,</span> 
     </span>
     <span class='ocr_line' id='line_1_34' title="bbox 241 4301 1409 4368; baseline -0.002 -14"><span class='ocrx_word' id='word_1_266' title='bbox 241 4306 380 4355; x_wconf 86' lang='lat' dir='ltr'>notatione</span> <span class='ocrx_word' id='word_1_267' title='bbox 404 4318 458 4353; x_wconf 89' lang='lat' dir='ltr'>non</span> <span class='ocrx_word' id='word_1_268' title='bbox 481 4304 621 4367; x_wconf 80' lang='lat' dir='ltr'>indignum</span> <span class='ocrx_word' id='word_1_269' title='bbox 645 4303 696 4354; x_wconf 89' lang='lat' dir='ltr'>erit</span> <span class='ocrx_word' id='word_1_270' title='bbox 710 4306 833 4354; x_wconf 88' lang='lat' dir='ltr'>nostrum</span> <span class='ocrx_word' id='word_1_271' title='bbox 847 4303 918 4353; x_wconf 88' lang='lat' dir='ltr'>hunc</span> <span class='ocrx_word' id='word_1_272' title='bbox 936 4302 1054 4354; x_wconf 83' lang='lat' dir='ltr'>fabulam</span> <span class='ocrx_word' id='word_1_273' title='bbox 1071 4303 1105 4353; x_wconf 88' lang='lat' dir='ltr'>ab</span> <span class='ocrx_word' id='word_1_274' title='bbox 1121 4303 1240 4368; x_wconf 88' lang='lat' dir='ltr'>antiquis</span> <span class='ocrx_word' id='word_1_275' title='bbox 1256 4301 1360 4353; x_wconf 85' lang='lat' dir='ltr'>Graeeis</span> <span class='ocrx_word' id='word_1_276' title='bbox 1377 4316 1409 4352; x_wconf 83' lang='lat' dir='ltr'>ex</span> 
     </span>
     <span class='ocr_line' id='line_1_35' title="bbox 240 4374 908 4438; baseline -0.003 -13"><span class='ocrx_word' id='word_1_277' title='bbox 240 4389 318 4426; x_wconf 87' lang='lat' dir='ltr'>sacra</span> <span class='ocrx_word' id='word_1_278' title='bbox 331 4375 443 4427; x_wconf 84' lang='lat' dir='ltr'>historia</span> <span class='ocrx_word' id='word_1_279' title='bbox 453 4375 628 4438; x_wconf 85' lang='lat' dir='ltr'>&#39;desumptam</span> <span class='ocrx_word' id='word_1_280' title='bbox 643 4387 703 4426; x_wconf 87' lang='lat' dir='ltr'>esse</span> <span class='ocrx_word' id='word_1_281' title='bbox 719 4374 885 4425; x_wconf 87' lang='lat' dir='ltr'>contendere</span> <span class='ocrx_word' id='word_1_282' title='bbox 903 4391 908 4422; x_wconf 91' lang='lat'>:</span> 
     </span>
    </p>
   </div>
   <div class='ocr_carea' id='block_1_8' title="bbox 293 4455 1160 4632">
    <p class='ocr_par' dir='ltr' id='par_1_11' title="bbox 293 4455 1160 4632">
     <span class='ocr_line' id='line_1_36' title="bbox 293 4455 1081 4508; baseline 0 -12"><span class='ocrx_word' id='word_1_283' title='bbox 293 4459 373 4508; x_wconf 74' lang='lat' dir='ltr'>Nunc,</span> <span class='ocrx_word' id='word_1_284' title='bbox 382 4456 425 4508; x_wconf 92' lang='grc'><strong>111,</strong></span> <span class='ocrx_word' id='word_1_285' title='bbox 435 4469 457 4498; x_wconf 89' lang='lat' dir='ltr'>v.</span> <span class='ocrx_word' id='word_1_286' title='bbox 468 4460 508 4500; x_wconf 74' lang='lat'>298</span> <span class='ocrx_word' id='word_1_287' title='bbox 518 4470 524 4498; x_wconf 75' lang='lat' dir='ltr'>t</span> <span class='ocrx_word' id='word_1_288' title='bbox 535 4459 565 4497; x_wconf 68' lang='lat' dir='ltr'>itt</span> <span class='ocrx_word' id='word_1_289' title='bbox 573 4461 639 4496; x_wconf 84' lang='lat' dir='ltr'>vetus</span> <span class='ocrx_word' id='word_1_290' title='bbox 648 4456 766 4497; x_wconf 81' lang='lat' dir='ltr'>historiam</span> <span class='ocrx_word' id='word_1_291' title='bbox 776 4455 884 4497; x_wconf 79' lang='lat' dir='ltr'>confinxit</span> <span class='ocrx_word' id='word_1_292' title='bbox 893 4456 970 4496; x_wconf 83' lang='lat' dir='ltr'>fabula</span> <span class='ocrx_word' id='word_1_293' title='bbox 980 4460 1081 4497; x_wconf 75' lang='lat' dir='ltr'>sanctam</span> 
     </span>
     <span class='ocr_line' id='line_1_37' title="bbox 532 4518 1108 4570; baseline 0.002 -12"><span class='ocrx_word' id='word_1_294' title='bbox 532 4520 566 4559; x_wconf 86' lang='lat' dir='ltr'>De</span> <span class='ocrx_word' id='word_1_295' title='bbox 575 4519 641 4570; x_wconf 82' lang='lat' dir='ltr'>Jove,</span> <span class='ocrx_word' id='word_1_296' title='bbox 651 4519 772 4568; x_wconf 77' lang='lat' dir='ltr'>sacrilegos</span> <span class='ocrx_word' id='word_1_297' title='bbox 783 4518 823 4568; x_wconf 88' lang='lat' dir='ltr'>qni</span> <span class='ocrx_word' id='word_1_298' title='bbox 831 4519 934 4558; x_wconf 77' lang='lat' dir='ltr'>fulminis</span> <span class='ocrx_word' id='word_1_299' title='bbox 944 4519 996 4567; x_wconf 76' lang='lat' dir='ltr'>igne</span> <span class='ocrx_word' id='word_1_300' title='bbox 1006 4519 1108 4567; x_wconf 78' lang='lat' dir='ltr'>gigantes</span> 
     </span>
     <span class='ocr_line' id='line_1_38' title="bbox 531 4580 1160 4632; baseline 0 -12"><span class='ocrx_word' id='word_1_301' title='bbox 531 4580 656 4632; x_wconf 79' lang='lat' dir='ltr'>Terruerit,</span> <span class='ocrx_word' id='word_1_302' title='bbox 666 4583 719 4619; x_wconf 82' lang='lat' dir='ltr'>tnnc</span> <span class='ocrx_word' id='word_1_303' title='bbox 729 4591 830 4630; x_wconf 84' lang='lat' dir='ltr'>cumpro</span> <span class='ocrx_word' id='word_1_304' title='bbox 841 4581 907 4620; x_wconf 77' lang='lat' dir='ltr'>scalis</span> <span class='ocrx_word' id='word_1_305' title='bbox 918 4581 1032 4620; x_wconf 79' lang='lat' dir='ltr'>montibus</span> <span class='ocrx_word' id='word_1_306' title='bbox 1041 4591 1107 4620; x_wconf 86' lang='lat' dir='ltr'>nsum</span> <span class='ocrx_word' id='word_1_307' title='bbox 1118 4584 1160 4621; x_wconf 82' lang='lat' dir='ltr'>est.</span> 
     </span>
    </p>
   </div>
   <div class='ocr_carea' id='block_1_9' title="bbox 0 0 1703 5468">
    <p class='ocr_par' dir='ltr' id='par_1_12' title="bbox 0 0 1703 5468">
     <span class='ocr_line' id='line_1_39' title="bbox 0 0 1703 5468; baseline 0 0"><span class='ocrx_word' id='word_1_308' title='bbox 0 0 1703 5468; x_wconf 95' lang='lat' dir='ltr'> </span> 
     </span>
    </p>
   </div>
  </div>
 </body>
</html>
