3306 5468
670 620 847 691 „pp-

149 744 281 860 illum,
299 770 541 833 Deodatensern
565 774 761 835 canonicum
776 791 861 835 anno
886 771 1189 837 MCCGGXCVIII
1212 785 1341 856 coopta-

171 887 255 958 tum,
280 893 365 938 anno
395 876 544 940 MDXIV
572 879 767 940 decessisse.
798 882 948 941 liasti'cins
975 898 1053 942 vero
1083 898 1168 942 anno
1196 878 1343 942 MDXLI

173 983 293 1062 scripta
307 992 473 1046 auctorem
488 983 605 1045 habuit
622 985 836 1047 Laurentium
848 985 1031 1047 Pilladium
1039 986 1220 1068 juniorem,
1236 989 1343 1050 senio·

173 1091 219 1150 ris
249 1089 547 1174 Pilladiifortasse
568 1098 734 1172 nepotem,
764 1109 850 1154 anno
873 1092 1040 1153 MDXVII
1062 1095 1258 1155 canonicum
1279 1094 1343 1155 fao-

174 1205 244 1258 tum
261 1203 291 1258 et
306 1214 391 1258 antio
407 1196 586 1264 MDLXXl
601 1199 669 1258 vita
684 1199 890 1260 defunctum.
903 1198 982 1280 Qui,
995 1201 1159 1260 incertum
1170 1217 1233 1278 quo
1243 1217 1342 1281 anno,

175 1305 211 1363 iu
226 1303 298 1364 vico
310 1303 409 1363 Ponti
421 1303 568 1391 Musioni
585 1305 852 1391 proximitates,
868 1305 1041 1385 presbyter
1051 1303 1231 1368 Curtioulae
1243 1303 1253 1335 ¹
1267 1306 1344 1367 init.

176 1410 274 1471 Hunc
289 1425 365 1471 vero
384 1435 398 1464 ‹<
416 1408 614 1488 altiloquum
632 1436 646 1465 »
670 1409 709 1471 ab
733 1411 854 1489 aequali
876 1428 936 1472 sno
957 1413 1085 1473 Adamo
1099 1415 1223 1490 Berpier
1236 1411 1345 1491 appel·

175 1516 280 1577 latum
294 1522 410 1577 notum
426 1515 498 1576 sola
510 1516 590 1577 facit
612 1517 698 1596 apud
711 1535 772 1578 nos
793 1520 943 1578 Rustictas
967 1535 1016 1599 ea,
1035 1536 1099 1596 qua
1122 1526 1292 1580 cruentam
1307 1519 1346 1579 de

176 1621 390 1684 Lutheriauis
415 1621 550 1685 Alsatiae
578 1631 610 1684 et
641 1623 828 1685 Germaniae
857 1624 1006 1685 Rusticis
1029 1623 1069 1684 ab
1093 1623 1241 1685 Antonio
1265 1625 1346 1689 dirce

121 1738 125 1744 '
177 1746 263 1791 anno
278 1726 443 1790 MDXXV
457 1728 595 1790 relatam
611 1729 781 1791 victoriam
796 1728 1008 1791 celebravit².
1107 1789 1109 1792 a

222 1835 368 1896 Pilladio
384 1835 532 1897 eamdem
552 1853 648 1914 opem
668 1824 765 1915 quam
785 1837 883 1898 Petro
899 1836 1043 1898 Basinus
1059 1837 1349 1898 commodaverunt

180 1940 435 2003 Christmannus
455 1949 487 2003 et
507 1941 655 2004 ‚loannes
678 1941 888 2004 Herculanus
910 1938 1099 2024 (Herqnet)³‚
1126 1942 1348 2004 Dendatenses

179 2048 343 2128 canonici,
360 2049 419 2126 qui
437 2051 620 2110 Rusticiodts
636 2067 751 2110 versus
767 2048 956 2127 polivernnt
974 2056 1005 2110 et
1027 2048 1114 2110 male
1130 2050 1276 2110 tornatos
1299 2049 1348 2108 in-

179 2155 257 2216 cudi
283 2152 530 2216 reddiderunt&
562 2155 671 2233 Atque
694 2155 822 2215 utinam
845 2154 1041 2232 diligentius
1065 2154 1126 2216 hac
1147 2173 1226 2216 cura
1243 2154 1350 2215 innoti

181 2259 311 2322 essenti
332 2263 405 2322 Non
421 2267 467 2321 tot
487 2260 619 2322 mendis
645 2261 679 2321 in
705 2258 767 2322 hoc
791 2268 938 2338 poemate
962 2260 1216 2337 offenderemur,
1235 2260 1349 2339 inquo

179 2367 280 2428 nimis
304 2366 402 2428 nrnlti
425 2384 541 2429 versus
563 2365 761 2447 claudicant,
786 2367 981 2428 nutantibus
1004 2365 1155 2446 syllabis.
1186 2366 1350 2428 Divoduri

180 2475 466 2535 Mediomatricum
482 2475 516 2534 in
528 2489 615 2534 anno
626 2471 841 2534 MDXLVlII
850 2472 995 2552 primum
1006 2473 1094 2534 edita
1105 2481 1154 2534 est
1166 2472 1346 2535 Restitins⁶.

182 2693 388 2701 .—-—-————--

212 2839 233 2888 1.
251 2839 385 2886 Corsicae
400 2835 407 2889 i
414 2834 528 2898 Vospcs).

210 2908 233 2957 2.
249 2910 385 2957 Basileios
400 2906 427 2955 in
441 2919 490 2956 sex
503 2905 586 2954 libros
602 2905 707 2968 digesta
723 2908 772 2954 est.

238 2978 259 3028 Ι.
275 2976 343 3027 Belli
358 2989 449 3026 causae
465 2981 493 3026 et
506 2975 663 3040 primordia.

223 3049 258 3100 ΙΙ.
274 3048 449 3098 Rusticorum
468 3047 632 3097 vastationes
652 3051 679 3095 et
698 3046 810 3109 rapinae.
829 3045 981 3096 Bruhaoius
1001 3047 1034 3097 ab
1055 3047 1087 3097 iis
1107 3047 1221 3112 capitur.
1239 3048 1347 3098 Exerci-

302 3123 360 3167 tum
373 3119 401 3168 iu
416 3117 617 3182 expeditionem
632 3115 724 3166 educit
739 3116 882 3166 Antonius.

212 3191 259 3240 ΙΙΙ,
276 3189 404 3240 Sabernia
421 3203 436 3238 a
451 3188 624 3250 [lotharingis
640 3186 790 3238 obsidetur.

211 3261 258 3310 lv.
274 3261 355 3324 Apud
370 3261 541 3324 Lupstennm
555 3272 654 3322 pugna.

224 3331 257 3382 V.
274 3331 413 3382 Seberniae
428 3330 537 3380 deditio.
556 3329 679 3390 Gerberi,
694 3328 870 3379 Rusticorum
885 3328 971 3388 ducis,
987 3329 1158 3395 supplicium.

210 3402 257 3453 VI.
273 3403 504 3465 Redintegrautur
517 3400 619 3464 praelia.
636 3398 787 3449 Novissima
801 3399 912 3449 Antonii
926 3399 998 3462 apud
1013 3398 1173 3450 Chervillam
1188 3400 1309 3450 victoria.

211 3473 233 3522 3.
249 3471 301 3522 llic
321 3475 409 3523 Vitam
425 3475 537 3521 Antonii
552 3473 631 3521 ducis
644 3469 725 3520 latine
747 3471 876 3534 scriptam
894 3469 1011 3534 reliquit,
1028 3485 1108 3535 quam
1128 3470 1219 3520 retulit
1233 3474 1267 3520 D.
1286 3473 1347 3520 Cai-

179 3548 235 3595 rnet
250 3544 380 3606 (Histoire
395 3544 429 3593 de
441 3545 585 3605 lorraine,
597 3546 616 3590 t.
628 3540 689 3600 Vll,
700 3541 742 3591 ed.
761 3541 829 3604 1757)
841 3545 869 3591 et
880 3541 1031 3605 composuit
1043 3560 1048 3590 :
1061 3545 1247 3605 antiqnitates
1262 3543 1347 3591 Vallis

182 3617 298 3666 Galilaea
311 3614 403 3676 (1550).

211 3686 233 3736 Ι.
244 3684 289 3734 Cf.
307 3686 348 3735 Ad
362 3687 583 3735 illustrissimum
600 3683 741 3746 carolum,
755 3683 943 3745 lothariaqiae
958 3685 982 3732 ei
999 3683 1139 3732 Gneidrtae
1154 3685 1266 3742 Ducem,
1280 3685 1348 3732 Latt-

181 3760 265 3807 rentti
286 3757 416 3818 Pilladii,
443 3755 613 3817 Vopestcoia‘,
635 3758 666 3804 in
684 3768 796 3804 cariaco
818 3753 990 3803 Rusticiados
1010 3769 1027 3804 a
1044 3768 1073 3803 se
1094 3755 1185 3803 lesina
1208 3754 1348 3803 dedicatio

182 3827 218 3891 (p.
233 3826 272 3885 et,
289 3827 332 3876 ed.
348 3829 477 3890 Dispersa,
492 3828 511 3875 t.
527 3825 558 3888 I).

212 3901 234 3948 5.
254 3898 429 3947 Rusrroiims
447 3897 536 3945 lnnex
554 3907 810 3945 airiiocnirutous
826 3924 857 3931 -
870 3892 966 3944 Nullus
985 3899 1072 3944 exstat
1090 3900 1137 3944 aut
1156 3894 1251 3944 saltem
1268 3899 1349 3944 notus

182 3974 225 4019 est
238 3968 406 4018 Rusticiadis
422 3965 522 4017 Codex.

212 4040 292 4088 Anno
307 4037 475 4088 MDXLVlll
490 4039 608 4102 primum
622 4037 695 4087 edita
710 4041 768 4086 est:
782 4054 791 4081 (ι
805 4035 944 4086 Laurentii
959 4036 1071 4095 Pilladii,
1084 4037 1208 4087 canonici
1218 4037 1349 4087 Ecclesiae

184 4131 193 4157 t
210 4111 302 4160 Sancti
320 4108 444 4169 Deodad,
467 4108 639 4158 Rusticiados
653 4107 714 4156 libri
729 4119 785 4164 sex,
802 4106 943 4170 inquibus
963 4105 1135 4156 illustrissimi
1150 4108 1281 4170 principis
1296 4109 1350 4156 An-

183 4199 193 4227 «
211 4181 285 4240 ionii,
303 4179 496 4242 Lotharingiae‚
513 4179 590 4229 Burri
606 4185 634 4228 ct
648 4176 783 4227 Gheldriae
799 4177 885 4236 ducis,
897 4176 1090 4240 gloriosissima
1105 4178 1138 4228 de
1153 4179 1291 4228 seditiosis
1307 4179 1349 4226 Al·

183 4271 193 4298 «
210 4252 286 4301 satiae
304 4249 411 4299 rusticis
427 4249 540 4299 victoria
557 4248 667 4313 copiose
683 4247 856 4297 describitur.
875 4265 884 4291 n

168 4372 171 4377 ,
212 4321 301 4380 Motis,
318 4334 351 4370 ex
370 4319 476 4370 officina
492 4320 604 4370 ioannis
624 4321 726 4371 Patier.
748 4319 811 4369 1548.
833 4319 1021 4368 Rusticiadenc
1041 4331 1135 4368 rursus
1156 4319 1300 4368 ediderunt
1318 4320 1349 4366 Ι).

182 4393 288 4444 Calrnct
300 4391 431 4448 (Histoire
446 4392 480 4440 de
494 4393 641 4453 Lorroinc,
657 4391 726 4447 1751,
745 4395 762 4438 t.
781 4387 839 4451 IV),
858 4393 885 4437 et
901 4389 928 4436 in
945 4388 996 4437 hoo
1012 4388 1122 4448 saeculo,
1139 4391 1167 4437 F.
1180 4391 1209 4438 ii.
1222 4392 1350 4453 Depone,

180 4478 244 4514 eum
259 4461 353 4526 gallica
369 4461 563 4511 translatione:

212 4537 274 4585 «La
288 4534 448 4584 Rusticiadc
463 4546 499 4582 on
515 4535 544 4583 ia
561 4533 667 4582 Guerre
682 4533 731 4581 des
742 4544 866 4594 pensons
881 4544 915 4580 en
929 4531 1075 4595 dormine,
1087 4529 1203 4580 traduite
1214 4543 1263 4594 par
1278 4528 1306 4578 F.
1318 4529 1352 4587 R¹

182 4623 192 4651 a
210 4605 336 4669 Dupeux.
352 4633 384 4640 —
397 4602 499 4667 Nancy,
516 4602 760 4665 Berger-Levroult
776 4605 802 4650 et
818 4600 867 4659 (1³0,
889 4601 954 4649 1876.
969 4601 984 4650 2
1000 4600 1051 4649 vol.
1067 4601 1145 4651 ΙΙΙ-16.
1164 4619 1174 4646 t

289 4719 320 4748 ne
336 4717 468 4748 nascerer„
1235 4707 1246 4744 t
