3306 5468
748 541 926 610 ..78-

306 690 377 753 Nec
393 690 521 752 videtur
535 689 798 753 Decdatensihus
814 688 982 752 canonicis
1004 687 1150 748 defuisse
1170 685 1266 747 laetus
1281 685 1340 749 ille
1355 685 1428 747 ani-

236 794 240 801 ’
259 818 347 860 mus.
365 797 483 860 Nonne
500 795 541 858 G.
562 796 635 859 Lud
654 795 839 858 aPhilesio
863 797 977 857 Ludius
997 776 1317 871 cognominabatur?
1338 792 1431 866 Quid

257 913 368 967 autem
387 904 481 966 aliud
501 905 705 965 Grammatico
718 904 852 981 fipurotu
866 903 930 964 tuit
944 902 1011 963 nisi
1030 891 1148 962 festiva
1162 901 1377 976 grammatica
1390 899 1429 959 in

257 1029 323 1090 qua
338 1010 522 1090 presbyteri
543 1010 681 1091 effigies,
701 1027 822 1070 nornen
838 1006 1093 1089 substantivum,
1114 1005 1241 1087 calicis,
1258 1007 1430 1085 proprium

257 1133 390 1198 nomeu,
409 1125 486 1195 etc,
504 1117 691 1195 exprimunt
702 1111 739 1176 ¹?
754 1115 889 1178 Facetos
905 1131 1034 1194 quoque
1050 1113 1283 1178 canonicorum
1297 1113 1429 1173 animos

258 1222 426 1284 declarant
441 1221 791 1284 ridiculaedudaeorum
807 1221 907 1283 facies
924 1223 959 1282 in
976 1221 1122 1283 dracoue·
1136 1222 1325 1295 deodatensi,
1339 1219 1430 1280 inter

256 1346 361 1390 annos
378 1327 493 1390 MDIV
509 1337 540 1389 et
561 1328 721 1410 MDXIV,
745 1328 928 1410 descriptae,
953 1327 989 1388 in
1011 1326 1131 1406 quihus
1153 1344 1189 1388 se
1211 1324 1428 1387 oblectavisse

256 1444 407 1496 nostrum
431 1434 615 1496 verisimile
640 1442 701 1515 est,
727 1441 839 1514 utpote
862 1435 920 1514 qui
943 1442 1057 1496 contra
1080 1432 1215 1495 Judaeos
1240 1441 1308 1494 tam
1327 1430 1428 1492 vehe-

257 1550 387 1604 menter
400 1541 436 1600 iu
451 1550 540 1602 serto
555 1541 718 1604 Naucet'dt's
733 1540 818 1602 lihro
834 1541 983 1602 invectus
998 1540 1054 1602 sit.

301 1646 412 1708 Pauca
427 1646 477 1708 ihi
492 1645 640 1725 exempla
657 1646 792 1708 afferam
805 1647 994 1708 istiusmodi
1004 1645 1136 1722 generis
1150 1645 1343 1707 facetiarum
1353 1661 1427 1723 quae

257 1752 409 1815 ahsurdae
431 1752 468 1813 in
482 1752 617 1814 heroico
630 1759 794 1833 poemate,
811 1760 848 1814 ut
869 1753 906 1812 in
928 1751 1087 1828 tragedia
1102 1752 1268 1832 cachinni,
1296 1758 1426 1812 sonant.

303 1858 388 1920 Ecce
406 1856 552 1939 Suffron‚
571 1875 646 1919 cum
661 1859 731 1939 Jam
745 1858 782 1918 in
799 1875 837 1920 eo
853 1866 903 1920 est
917 1866 951 1918 ut
973 1859 1152 1936 suspendio
1168 1857 1330 1938 affigatur,
1349 1856 1430 1918 dum

259 1965 433 2027 honestius
448 1965 565 2026 mortis
581 1983 686 2043 genus
701 1984 720 2026 a
736 1962 856 2027 Carolo
871 1965 1038 2047 implorat,
1051 1965 1138 2043 quod
1151 1965 1294 2044 equitem
1311 1964 1429 2026 saltem

259 2072 385 2152 deceat,
401 2071 473 2133 haec
488 2071 608 2134 addere
624 2089 691 2134 nou
705 2072 832 2133 dubitat
848 2091 856 2132 ε

299 2247 407 2316 Naue,
425 2245 479 2318 ΙΙΙ,
496 2263 526 2302 v.
541 2246 672 2302 496-497
690 2265 696 2300 :
718 2289 990 2306 .........
1013 2244 1075 2301 Aut
1088 2245 1233 2317 proximus
1248 2247 1272 2301 is
1288 2264 1333 2301 me

485 2343 603 2398 Murtha
616 2342 698 2398 hibat
707 2342 824 2414 fluvius,
841 2342 939 2399 bibere
954 2343 1032 2398 huuc
1047 2343 1072 2400 si
1085 2344 1184 2399 nescio
1198 2346 1319 2403 totum'.

306 2513 373 2577 Sed
394 2532 501 2594 operae
521 2515 666 2593 pretium
687 2522 736 2576 est
756 2514 870 2576 audire
885 2515 1049 2594 quomodo
1066 2522 1098 2577 et
1123 2533 1221 2594 quam
1244 2524 1429 2593 opportune

260 2622 297 2682 in
311 2621 373 2684 hac
388 2622 599 2684 obsessorum
616 2619 877 2684 Nanceiensium
898 2621 1037 2702 epistola
1050 2623 1226 2685 inducatur
1241 2621 1324 2684 feles
1339 2622 1430 2702 lepo-

259 2729 307 2790 ris
322 2728 393 2790 vice
408 2728 505 2805 fungi
521 2736 631 2789 coacta
647 2747 655 2788 :

299 2902 351 2978 IV,
369 2921 397 2963 v.
415 2904 494 2958 238:
964 2973 966 2976 y

514 2998 563 3055 Sic
578 2998 702 3054 animam
717 3001 767 3071 qui
777 3003 847 3072 jure
862 3019 943 3058 suam
958 3001 1128 3058 defenderat
1139 3019 1224 3074 aequo

512 3097 584 3152 Jure
597 3099 671 3168 perit
684 3104 794 3167 nostro,
810 3098 934 3155 verubus
949 3105 1090 3172 versatus,
1107 3106 1135 3156 et
1149 3117 1231 3154 assus

510 3196 580 3251 Fert
593 3195 700 3267 leporis
715 3197 851 3269 speciem,
868 3199 952 3252 modo
968 3197 1043 3253 desit
1059 3200 1152 3253 cauda
1168 3203 1330 3269 caputque3

512 3292 570 3348 Sed
585 3293 718 3348 breviora
732 3299 809 3349 retro
824 3295 950 3366 produnt
963 3294 1041 3350 hunc
1055 3312 1139 3350 crura
1153 3294 1242 3350 fuisse

510 3388 691 3460 Municipem.

304 3557 428 3620 Mirum
444 3560 479 3620 ni
495 3559 530 3619 in
548 3559 612 3621 hoc
627 3561 785 3623 vocabulo
800 3559 889 3640 jure⁸
902 3561 1020 3623 luserit
1033 3561 1164 3623 Petrus.
1183 3559 1270 3622 Saue
1285 3579 1373 3644 eum,
1393 3571 1430 3625 ut

260 3664 456 3725 canonicum
479 3663 608 3727 erudito
631 3665 753 3746 palato,
780 3675 986 3727 commovent
1010 3667 1198 3728 miseranda
1220 3668 1325 3728 macie
1351 3684 1429 3729 cou-

189 3773 191 3776 ’
261 3768 424 3832 sectorum
445 3769 616 3833 alimenta.
641 3769 807 3844 Quorsum
829 3790 960 3834 evasere
981 3774 1122 3852 opiparae
1147 3775 1264 3856 epulae,
1287 3792 1369 3854 quas
1392 3773 1430 3836 iu

262 3976 468 3987 ———--——..

293 4117 313 4168 l.
332 4117 371 4167 Cf.
388 4117 519 4179 Schmidt,
536 4134 580 4184 op.
595 4124 651 4184 cit,
666 4123 685 4170 t.
701 4119 736 4179 ΙΙ,
752 4135 778 4184 p.
797 4121 840 4172 118
854 4135 894 4187 sq.

291 4189 314 4238 Ι.
332 4189 371 4239 Cf.
388 4188 437 4249 ΙΙΙ,
452 4190 507 4240 725.
522 4190 593 4251 Quae
609 4191 642 4241 de
659 4191 800 4242 Germanis
815 4193 843 4241 iu
857 4191 946 4243 Rheni
960 4192 1075 4243 transitu
1090 4193 1239 4258 absumptis
1254 4193 1333 4245 dicit:

525 4272 556 4312 At
565 4273 701 4313 morientum
711 4274 804 4327 aliquis,
813 4274 884 4323 digito
892 4287 939 4315 non
948 4285 986 4315 ore
996 4276 1083 4318 locutus

523 4335 588 4374 Inter
597 4347 669 4384 aquas
678 4337 752 4385 potuit
760 4337 830 4376 verba
839 4336 885 4375 haee
894 4337 1018 4377 inscribere
1027 4340 1102 4380 arenis
1112 4351 1118 4380 a

525 4396 681 4437 Absorbemur
690 4399 756 4447 aquis
767 4409 824 4446 quas
834 4399 955 4438 absorbere
965 4400 1055 4440 bibaces

524 4460 682 4509 sprevimus..
696 4490 701 4501 .
716 4489 739 4502 ..
755 4489 772 4512 .,
783 4465 824 4501 etc.

290 4522 312 4574 3.
331 4522 370 4574 Cf.
387 4529 481 4576 notum
496 4525 560 4576 illud
575 4527 609 4576 M.
626 4527 656 4576 T.
674 4527 812 4578 Ciceronis
821 4527 869 4589 Jua
888 4531 1042 4582 Verrinam.

43 4869 343 5136 q.
