3306 5468
730 575 906 644 -73...

406 719 446 774 Ut
460 726 548 789 queat
561 721 683 774 alituum
698 721 779 775 color
792 722 817 776 is
833 722 948 793 signare
964 740 1104 792 cruorem,

406 815 469 880 Quo
483 817 544 883 sine
558 817 704 872 mortifero
721 819 867 891 Solymum
883 825 953 874 tunc
968 819 1032 875 fata
1047 819 1193 891 negabant

405 914 494 968 Posse
508 915 573 984 capi
588 915 712 987 insidiis,
727 915 796 970 forti
811 924 862 973 aut
877 917 1064 972 succumbere
1080 918 1155 972 bello
1168 920 1187 976 ¹.

285 1089 407 1152 Omnia
431 1092 499 1153 fere
528 1093 655 1170 poetica
684 1103 879 1156 ornamenta
901 1095 1056 1156 recensui
1086 1095 1206 1173 quibus
1236 1095 1409 1157 materiam

240 1215 334 1259 suam
348 1214 467 1275 augere
484 1198 609 1261 studuit
619 1206 743 1281 noster,
757 1217 799 1261 ne
809 1200 923 1263 nimiae
937 1201 1097 1262 siccitatis
1108 1208 1140 1262 et
1156 1202 1192 1262 in
1208 1201 1408 1264 inveniendo

240 1305 361 1385 inopiae
376 1315 579 1384 argueretur.
598 1307 695 1378 Quod
715 1315 824 1368 autem
845 1309 886 1370 ad
907 1309 1044 1371 deorum
1067 1309 1255 1371 ministeria
1278 1311 1406 1391 attinet,

239 1410 329 1472 haud
342 1411 389 1472 ita
404 1412 516 1474 crebro
537 1431 576 1473 ea
596 1413 632 1472 in
651 1414 802 1475 Nonaeide
818 1413 968 1475 adhibita
985 1415 1188 1478 invenimus
1207 1414 1301 1475 Licet
1318 1415 1409 1475 enirn

240 1519 290 1580 ibi
307 1524 425 1579 cuncta
439 1518 568 1590 occulta
581 1519 646 1579 Dei
660 1521 808 1597 potentia
825 1526 856 1580 et
874 1517 1072 1581 Sanctorum
1086 1522 1224 1582 numine
1239 1529 1406 1599 regantur,

241 1623 378 1702 ipsaque
404 1629 496 1684 muta
524 1623 599 1685 caeli
631 1625 727 1700 signa
754 1624 867 1685 futura
894 1626 1129 1706 praenuntient,
1164 1625 1285 1703 saepius
1314 1626 1410 1703 qnasi

240 1729 432 1808 praeteriens
453 1728 572 1791 Petrus
597 1748 669 1810 quae
690 1729 861 1792 miraculis
884 1730 1027 1791 adscribi
1050 1731 1177 1809 possint
1199 1738 1357 1791 memorat
1379 1739 1410 1792 et

240 1836 329 1897 nube
348 1834 488 1914 quadam
504 1833 663 1912 obvolvit,
679 1837 727 1897 ita
742 1842 777 1896 ut
795 1834 928 1897 nullum
943 1836 1031 1897 inter
1045 1836 1194 1898 caelestes
1211 1845 1241 1897 et
1258 1835 1409 1896 homines

240 1940 307 2001 uisi
330 1959 386 2020 per
406 1941 545 2018 auguria
564 1958 743 2021 precesque
766 1943 1000 2004 commercium
1028 1950 1192 2022 appareat.
1222 1943 1303 2016 Quae
1333 1958 1409 2004 vero

240 2048 391 2110 fabulosa
417 2048 556 2109 numina
580 2055 770 2130 occurrunt,
800 2067 837 2110 ea
859 2068 917 2129 per
940 2046 1126 2135 ἀλληγορίαν
1146 2051 1281 2111 inducta
1304 2051 1408 2111 tuisse

241 2157 394 2218 videntur
407 2156 634 2237 potissimum,
658 2165 689 2217 et
704 2164 739 2218 ut
760 2156 897 2218 traditus
912 2157 952 2217 ab
972 2157 1120 2235 antiquis
1134 2158 1240 2236 poetis
1255 2175 1326 2219 mos
1342 2174 1409 2216 ser-

241 2278 383 2324 varemr.

286 2368 413 2450 Itaque,
431 2369 519 2447 quod
533 2369 707 2430 exordiens
724 2367 891 2450 judicium
914 2369 953 2430 de
978 2368 1068 2429 Petri
1092 2376 1240 2447 poemate
1255 2368 1329 2450 tuli,
1347 2368 1410 2428 hoc

242 2475 403 2553 exemplis
418 2474 665 2553 comprohatum
681 2492 769 2536 nunc
789 2491 947 2536 renovare
966 2473 1057 2554 licet,
1083 2473 1212 2536 scilicet
1227 2476 1411 2536 Nanceiclem

242 2589 391 2644 nontam
410 2583 496 2642 inter
522 2582 614 2658 epica
638 2560 784 2642 carmina
807 2599 907 2660 quam
930 2581 1017 2641 inter
1041 2580 1176 2642 annales
1191 2579 1411 2641 ‘arrnumerari

244 2689 373 2771 debere,
397 2708 473 2753 cum
497 2707 549 2750 res
573 2695 680 2765 gestas
706 2690 891 2766 praesertim
912 2687 1168 2766 comprehendat
1190 2695 1222 2749 et
1245 2687 1409 2763 religiosae

243 2797 402 2858 orationis
417 2795 477 2857 sub
492 2793 634 2855 testibus
649 2792 749 2854 tidem
763 2793 903 2854 affectet.
924 2793 964 2853 In
985 2793 1028 2853 iis
1051 2799 1162 2854 autem
1185 2811 1257 2872 qua
1282 2792 1411 2868 excogi-

243 2904 324 2964 tavit
349 2891 570 2981 ornamentis,
597 2899 685 2961 haud
708 2916 795 2978 saepe
819 2905 932 2960 noster
953 2899 996 2960 ad
1021 2898 1261 2960 sublimitatem
1284 2897 1411 2958 heroici

243 3010 404 3089 poematis
425 3009 618 3087 assurrexit,
642 3008 812 3086 magisque
835 3006 979 3085 pedestri
1001 3006 1143 3067 orationi
1165 3005 1411 3069 accommodata

242 3134 341 3196 quam
355 3116 512 3177 carminis
526 3115 679 3192 dignitati
694 3120 900 3176 commentus
917 3119 978 3174 est.
1043 3186 1045 3192 Ι

277 3474 297 3523 l.
313 3472 421 3522 Ducum
440 3474 486 3522 aut
505 3471 640 3536 equestris
655 3469 755 3520 ordinis
774 3468 890 3531 insignia
910 3466 1061 3532 vexillaque
1077 3466 1213 3517 nonnullis
1227 3466 1256 3515 in
1269 3465 1337 3516 locis
1353 3477 1413 3514 nos·

243 3547 286 3593 ter
303 3546 350 3593 aut
369 3542 527 3592 memoravit
544 3546 591 3590 out
610 3541 764 3605 descripsit,
784 3538 988 3602 sententiasque
1010 3539 1095 3601 signis
1116 3538 1261 3601 inscriptas
1286 3535 1411 3586 versibus

243 3614 300 3664 suis
315 3612 431 3664 inclusit.

297 3696 332 3737 Gt.
343 3695 362 3747 1,
371 3698 410 3736 rav
422 3705 470 3745 sq.;
481 3694 563 3746 1‚440;
573 3695 593 3747 1,
603 3695 643 3736 451
656 3706 661 3732 ι

483 3756 539 3795 Inde
548 3760 598 3796 erat
606 3755 721 3804 igniflcum
730 3765 779 3794 mos
789 3753 841 3793 huic
850 3750 951 3804 (caroso)
961 3757 1049 3800 gestare
1058 3753 1164 3801 fugillum

483 3820 574 3860 Vexillo
583 3819 708 3868 impiorum,
719 3818 790 3856 silicis
799 3817 839 3866 qui
849 3817 944 3856 verbere
953 3816 1005 3855 duri

483 3881 598 3922 Scintillas
607 3890 664 3919 auro
673 3879 781 3919 ardentes
791 3878 889 3918 excudat
900 3883 922 3917 et
932 3879 1018 3926 ignem.

244 3950 265 4000 Ι.
282 3951 342 4009 470;
357 3949 392 4009 V,
407 3952 466 4010 tom
482 3949 529 4009 VI,
545 3951 591 4000 388
607 3962 663 4013 sq:
680 3945 728 4005 Vl,
747 3947 888 4006 mit-1215,
905 3952 957 3996 etc.

276 4022 416 4071 Interdum
437 4021 550 4071 animari
575 4020 702 4070 videntur
723 4017 766 4067 illa
787 4018 918 4080 insignia,
940 4018 977 4067 itu
997 4023 1040 4068 ut.
1064 4017 1179 4082 exempli
1203 4017 1301 4082 gratia,
1321 4015 1364 4066 leo
1387 4014 1416 4063 in

246 4094 456 4157 Burgundorum
470 4092 565 4143 vexillo
581 4093 670 4156 pictus
685 4091 712 4140 in
728 4091 813 4154 ipsius
829 4090 906 4139 ducis
922 4091 1003 4140 corde
1020 4091 1111 4141 vivere
1128 4090 1251 4140 videatur
1268 4107 1273 4139 :

351 4186 373 4238 1,
382 4189 421 4228 410
431 4197 465 4235 sq.
477 4197 483 4225 ι
493 4186 564 4234 Nigra
573 4185 613 4224 scd
622 4185 647 4223 ln
656 4184 734 4223 cetum
744 4182 855 4232 reptantis
865 4182 940 4232 imago
950 4183 1021 4222 leonis

498 4250 542 4288 'rot
551 4248 616 4288 bellis
625 4240 696 4286 ¹alluta
704 4246 768 4296 prius
779 4245 876 4284 feliciter
885 4249 954 4293 auget

497 4311 556 4349 Huic
566 4310 653 4349 animos
663 4319 750 4358 rursus,
760 4309 887 4357 plenusque
896 4307 962 4346 leone
970 4307 1057 4346 ferocit.

499 4373 604 4420 congrua
613 4372 646 4410 stc
656 4371 723 4410 rebus
732 4370 873 4418 respondent
881 4368 946 4416 signa
956 4368 1053 4417 ducique

499 4435 551 4474 Ritc
561 4434 597 4473 leo
605 4433 699 4484 alludit3
709 4443 762 4472 nam
773 4433 852 4471 vivum
857 4435 947 4480 pectore
957 4433 1030 4478 gestat

499 4497 527 4534 ln
537 4506 577 4534 sua
588 4505 655 4543 quem
664 4493 749 4542 pictum
758 4494 866 4532 transfert
875 4492 960 4531 vexilla
970 4491 1066 4531 leonem.

248 4565 286 4616 Cl.
302 4565 324 4626 1,
344 4566 394 4625 198,
409 4565 464 4624 271,
480 4564 539 4622 ll&
554 4563 589 4622 ll,
607 4562 660 4622 145,
678 4563 730 4623 176,
746 4564 805 4621 38l;
821 4560 869 4621 Vl,
887 4561 939 4620 lli,
951 4560 1008 4610 etc.
1027 4578 1030 4583 ·
