3306 5468
456 725 513 790 Qui
528 732 597 782 tune
611 727 687 782 inter
701 744 769 784 oves
783 729 838 782 etsi
848 728 966 798 jejunus
980 726 1017 780 ab
1032 725 1121 781 isdem

456 825 524 880 Non
537 826 689 881 custoditis
702 827 768 897 pius
783 802 919 898 abstinet,
935 825 995 879 ulla
1011 825 1137 895 luporum

454 923 491 980 Si
498 925 604 994 pietus,
622 925 764 995 oculoque
777 941 866 994 pecus
881 923 1020 978 clemente
1035 923 1153 994 salutat,

454 1021 494 1074 Et
507 1020 542 1075 de
555 1038 627 1090 pace
641 1022 722 1092 loqui
736 1022 834 1089 vellet,
850 1021 957 1077 vicinia
970 1021 995 1074 si
1009 1038 1068 1076 non

456 1120 541 1173 Illum
557 1125 618 1175 tota
633 1119 731 1175 furens
742 1120 848 1190 jaculis
864 1119 996 1189 saxisque
1010 1124 1127 1173 necaret

455 1216 570 1271 Insidiis
583 1219 699 1288 plenum
715 1224 897 1288 stragemque
913 1221 942 1271 et
955 1216 1034 1270 furta
1047 1217 1201 1271 volentem.

455 1312 599 1369 Auctores
614 1315 718 1370 laesura
734 1332 801 1370 suos
816 1316 873 1370 heu
888 1315 972 1384 culpa
987 1314 1114 1368 resumit.
1197 1360 1198 1363 ,

291 1474 343 1537 Ci.
359 1475 502 1537 Fontani
516 1475 554 1539 L.
572 1475 616 1555 X,
634 1477 701 1538 fab.
718 1474 788 1537 Vl:

555 1643 596 1695 Uo
610 1642 675 1713 loup
690 1641 792 1711 remplc’
804 1641 972 1695 d’bumunt'tt

550 1738 620 1812 (S’it
632 1757 665 1793 en
679 1745 718 1792 est
733 1740 767 1794 de
781 1739 831 1792 telo
844 1739 915 1792 dune
930 1738 956 1793 le
969 1734 1088 1813 monde).
1134 1755 1137 1759 ’

288 1900 448 1963 Libenter
475 1901 579 1979 igitur
612 1900 839 1963 contenderim
867 1901 904 1960 in
930 1901 973 1961 iis
1001 1900 1107 1961 nostri
1132 1898 1407 1979 descriptionibus

244 2007 426 2086 praesertim
443 2008 586 2070 nitorem
600 2008 766 2087 poeticum
781 2006 922 2086 elucere,
943 2006 1005 2067 etsi
1020 2007 1069 2068 ibi
1084 2007 1184 2067 etiam
1200 2006 1289 2068 hand
1305 2025 1408 2086 pauca

240 2113 316 2192 jure
330 2114 456 2191 possint
476 2113 610 2192 corripi.
627 2113 731 2175 Multa
750 2112 816 2174 alia
836 2113 872 2173 in
893 2120 1043 2191 promptu
1062 2119 1149 2173 esset
1169 2113 1284 2174 afferre
1301 2130 1407 2175 exem·

240 2218 307 2301 pla,
325 2236 400 2281 cum
420 2220 582 2301 ejusmodi
602 2219 685 2282 locis
705 2229 807 2282 totum
827 2237 942 2298 poema
957 2219 1122 2296 exuberet,
1144 2218 1178 2278 in
1196 2219 1311 2298 primis
1329 2218 1407 2281 ielis

242 2327 456 2403 repugnantis
484 2325 629 2387 vividam
657 2324 833 2406 picturam,
853 2342 1041 2404 quanquam
1070 2324 1150 2386 huic
1175 2324 1313 2387 minime
1337 2333 1407 2388 tum

241 2427 334 2491 locus
349 2437 441 2492 erat:

280 2601 388 2670 Nunc,
403 2601 456 2671 IV,
472 2620 502 2659 v.
518 2602 574 2656 235
593 2617 600 2656 :

453 2699 525 2754 Inde
539 2703 660 2753 cruenta
673 2697 769 2753 ferens
784 2698 907 2768 spinosae
923 2697 1031 2752 vellera
1044 2695 1154 2768 barbae,

455 2796 612 2852 contracto
625 2796 656 2850 in
671 2795 789 2868 gibbum
804 2803 896 2867 tergo,
914 2813 943 2851 se
957 2795 1052 2851 vibrat
1065 2797 1096 2849 in
1111 2812 1208 2850 omnes

452 2893 602 2964 Hispidus,
618 2887 761 2949 et‘cuudae
776 2899 856 2946 motu
870 2894 1022 2948 denuntiat
1035 2893 1118 2951 irem.
1200 2902 1202 2906 ’

452 2990 528 3045 Tum
543 3007 596 3045 sua
609 2990 760 3045 raucidulo
775 2991 944 3061 depromens
958 2997 1076 3062 gutture
1092 2990 1191 3060 verba,

450 3087 612 3142 Indomitus
626 3088 730 3159 plagis,
746 3088 835 3144 vitam
850 3088 926 3142 inter
940 3087 1059 3143 vulnera
1072 3086 1178 3145 fundit.

284 3245 378 3307 Adde
404 3265 517 3308 versus
537 3246 596 3308 ubi
622 3225 860 3308 transvolantes
883 3246 987 3307 stellae
1012 3242 1091 3325 (Ill,
1120 3242 1194 3325 151,
1218 3241 1283 3328 sq.)
1298 3245 1406 3309 oculis

240 3352 462 3433 subjiciuntur
478 3346 553 3438 (VI,
580 3349 675 3432 1088,
694 3347 761 3435 sq.)
782 3362 814 3413 et
833 3352 995 3430 plurimas
1017 3351 1254 3436 descriptiones
1277 3353 1405 3415 duobus

239 3466 293 3521 aut
308 3459 413 3520 tribus
433 3460 583 3521 versibus
602 3458 760 3540 inclusas,
779 3459 900 3538 quibus
919 3465 1051 3537 apparet
1069 3465 1218 3520 nostrum
1232 3459 1405 3521 veritatem

239 3565 416 3648 quamdam
437 3566 474 3626 in
496 3565 707 3643 exprimenda
727 3584 838 3627 rerum
859 3573 975 3627 natura
995 3563 1159 3626 attulisse.
1185 3560 1252 3648 (Cf.
1281 3563 1403 3647 t,1o3,

241 3688 312 3751 sq.;
328 3669 378 3751 II,
397 3667 458 3733 131
476 3688 541 3750 sq.,
559 3665 638 3753 etc.)

284 3774 507 3837 Paucissimas
522 3793 599 3837 vero
613 3775 788 3853 regionum
803 3774 857 3836 vel
871 3774 1005 3836 urbium
1018 3775 1254 3855 descriptiones
1269 3777 1305 3838 in
1319 3778 1404 3839 Nuu-

239 3882 319 3942 cride
336 3881 486 3943 invenias
496 3929 507 3960 ,
524 3888 657 3961 excepto
672 3889 780 3944 tamen
791 3881 871 3942 sutis
882 3881 989 3960 amplo
1003 3881 1064 3944 illo
1075 3882 1193 3944 etlaeto
1211 3883 1310 3961 primi
1326 3884 1404 3945 libri

238 3985 326 4069 loco,
341 3989 400 4049 ubi
415 3988 639 4065 Lotharingiae
659 3987 773 4068 urbes,
794 3989 889 4068 situs,
907 3988 1077 4069 animalia,
1093 3988 1205 4068 fruges
1222 3990 1405 4070 pinguntur

239 4100 271 4154 et
286 4101 539 4155 enumerantur:

277 4271 303 4341 I,
319 4289 347 4329 v.
366 4272 403 4328 36
420 4288 486 4342 sq.:
509 4315 517 4328 .
543 4314 549 4326 .
577 4313 584 4326 .
611 4316 617 4330 .
645 4314 651 4327 .
677 4312 718 4335 .,.
744 4268 852 4327 .Caelo
866 4271 930 4326 haec
945 4277 1021 4327 terra
1034 4270 1161 4343 benigno

451 4367 588 4439 Subjacet
601 4367 749 4438 imprimis.
764 4369 802 4425 Et
813 4369 911 4423 dulces
925 4369 1044 4423 humida
1057 4370 1133 4425 rivos

447 4465 572 4535 Excipit,
588 4465 760 4520 incolumem
774 4466 943 4521 mortalibus
958 4483 1025 4521 aera
1039 4467 1160 4536 spirans,

450 4562 513 4626 Quo
528 4562 561 4618 fit
576 4569 608 4617 ut
621 4564 746 4634 irriguas
758 4562 897 4618 fecundet
912 4580 1021 4634 pascua
1035 4565 1124 4620 valles
