3306 5468
737 587 914 654 „43-

285 731 422 804 Quoties
434 750 508 794 vero
524 734 559 793 in
573 733 736 810 Nueceide,
753 733 1003 796 vehementibus
1019 736 1096 792 sane
1112 732 1234 810 verbiS,
1252 731 1407 810 exprimi-

241 846 293 898 tur
308 837 418 899 Caroli
436 839 540 900 fastus
555 838 592 899 iu
607 839 760 901 secundis
775 839 874 900 rebus
893 838 1012 901 ferocis
1034 848 1065 899 et
1083 838 1179 899 avida
1195 846 1304 900 mente
1328 839 1407 899 adu·

239 943 398 1006 lationem
412 944 593 1023 captantis!
614 943 667 1006 cf.
685 946 714 1026 I,
732 943 797 1006 631
815 963 864 1024 sq.
886 964 894 1005 :

477 1110 592 1166 Numen
606 1112 742 1165 adoratur
755 1110 889 1181 princeps
904 1109 1022 1164 mortale
1037 1110 1200 1180 thronoque

481 1208 636 1264 Sublimem
651 1215 752 1263 aurato
767 1209 845 1263 hunc
860 1211 981 1278 Burgun
997 1212 1122 1262 statuere
1138 1209 1249 1267 diones.

481 1304 680 1377 Contextaque
695 1324 765 1361 auro
780 1307 880 1360 trabea
894 1310 1032 1376 totusque
1046 1305 1153 1375 lapillis

477 1403 629 1475 Fulgidus,
644 1402 784 1473 effugiens
799 1403 850 1473 qui
864 1403 994 1458 vinceret
1008 1402 1104 1455 omnia
1118 1402 1219 1469 solem,

476 1501 560 1555 Tunc
577 1508 665 1556 noctu
681 1518 818 1556 accensas
831 1501 959 1554 instabat
971 1501 1086 1555 vincere
1100 1500 1228 1557 taedas...

239 1711 346 1779 Nunc„
363 1710 387 1778 1,
404 1728 432 1768 v.
442 1710 514 1765 644:
525 1711 564 1764 Et
578 1716 659 1764 trans
673 1715 761 1766 semet
775 1710 849 1784 iens,
866 1709 973 1767 oblitus
987 1709 1058 1782 quid
1072 1711 1120 1778 sit,
1137 1710 1278 1775 honorem

471 1808 609 1878 Majorem
622 1808 748 1862 humano
764 1809 927 1880 praegrandi
942 1809 1062 1863 devorat
1078 1808 1196 1879 haustu,

474 1904 535 1960 Sub
548 1923 604 1959 sua
615 1906 749 1960 mortales
763 1906 889 1976 reliquos
904 1904 1027 1975 vestigia
1042 1905 1169 1963 mittens.

286 2064 392 2137 Quam
407 2064 636 2142 arrogantibus
660 2065 819 2126 conviciis
834 2065 974 2144 Renat0,
993 2065 1051 2143 qui
1066 2064 1107 2125 ad
1122 2062 1248 2126 bellum
1262 2081 1338 2139 eum
1354 2081 1413 2142 per

240 2189 423 2252 praeconem
437 2179 680 2253 provocaverat,
696 2169 894 2250 respondet!

309 2338 335 2408 1,
350 2357 380 2397 v.
397 2339 454 2392 310
473 2356 480 2391 :
496 2334 543 2391 Ad
558 2355 634 2392 novu
648 2355 693 2392 me
709 2338 750 2392 sic
765 2342 904 2407 provocat
918 2355 998 2391 arma
1010 2327 1151 2405 Renatus‚

495 2433 552 2488 Sed
565 2434 613 2488 vix
626 2442 710 2488 natus
726 2434 831 2504 adhuc,
849 2435 899 2488 sed
914 2434 1009 2488 adhuc
1024 2432 1161 2488 imberbis
1177 2450 1322 2504 egensque

492 2532 580 2586 Pusio
595 2532 717 2586 nutricis
730 2549 784 2586 nec
798 2531 866 2588 belli
882 2532 919 2586 ad
933 2531 1061 2602 pondera
1074 2529 1172 2584 firmus
1187 2532 1247 2589 ¹....
1266 2548 1310 2601 sq.

319 2648 357 2707 V.
382 2649 462 2702 322:
489 2688 996 2707 ................
1013 2644 1108 2700 Amici

486 2743 579 2799 Tecto
592 2744 661 2798 boni
675 2749 798 2814 repetas,
816 2749 845 2797 ct
859 2744 948 2798 vermi
963 2743 1068 2796 dixeris
1083 2742 1126 2796 illi

487 2842 609 2896 Foedera
622 2847 786 2912 rumpentes
802 2841 854 2894 has
869 2858 914 2895 me
928 2840 1033 2912 legisse
1048 2839 1150 2893 lituras

486 2940 552 2993 Non
568 2939 659 2993 oculis
674 2945 798 3007 tantum,
814 2937 932 2992 memori
947 2938 996 2992 sed
1011 2936 1137 3007 pectoris
1151 2936 1269 2996 haustu.

487 3037 553 3090 Non
567 3040 727 3091 atramento
742 3042 888 3106 exspectet
901 3053 955 3090 nec
971 3035 1111 3090 arundine
1126 3036 1212 3090 rebus

485 3135 665 3203 Responsum
679 3151 765 3205 super
779 3134 842 3202 his3
859 3133 945 3187 rubro
960 3149 1099 3202 responsa
1113 3150 1216 3186 cruore

487 3230 622 3301 Accipiet
635 3229 700 3300 quae
714 3248 779 3285 mox
794 3248 861 3285 ense
876 3237 905 3285 et
919 3230 1077 3285 scribemus
1094 3236 1124 3284 et
1136 3230 1231 3288 hasta.

287 3391 394 3464 Quam
419 3391 578 3453 terribilis
602 3393 675 3472 ejus
697 3392 879 3454 exardescit
902 3393 964 3473 ira,
990 3409 1055 3471 quo
1082 3393 1124 3453 sit
1149 3398 1325 3470 erupturus
1351 3392 1408 3454 hic

241 3499 332 3561 furor
346 3498 473 3560 eunctis
487 3499 680 3576 paventibus
696 3506 728 3561 et
743 3498 796 3559 vix
810 3498 1008 3560 audentibus
1019 3498 1189 3560 efferatum
1204 3498 1331 3577 alloqui
1345 3496 1352 3560 i

244 3662 290 3724 ef.
301 3665 341 3735 11,
358 3681 386 3723 v.
403 3665 461 3719 510
476 3681 520 3735 sq.
535 3684 541 3718 :
559 3662 648 3735 Cujus
663 3664 699 3718 ad
714 3681 746 3718 os
761 3666 862 3719 durum
878 3682 936 3734 qua
950 3665 1073 3736 posthac
1089 3664 1184 3719 fronte
1199 3672 1352 3719 recurrant

562 3759 750 3832 Comperiunt
763 3779 922 3832 nusquam3
939 3762 1048 3817 rabiem
1064 3763 1113 3817 sed
1129 3769 1239 3832 quante
1252 3763 1331 3817 leoni

561 3859 640 3914 Irato
655 3876 721 3913 esse
732 3860 805 3914 solet
818 3861 905 3914 talem
920 3866 1088 3930 tantamque
1103 3860 1284 3919 tremiscunt.

348 3956 352 3963 ⁷
374 3974 410 4033 V.
420 3973 546 4045 519sq.:
560 3973 693 4043 Principe
707 3991 772 4043 quae
787 3975 869 4045 pejor
883 3975 1048 4030 truculento
1063 3977 1159 4045 belua,
1177 3979 1260 4048 cujus

563 4075 675 4129 Pendet
689 4075 725 4127 ab
738 4073 857 4129 arbitrio
871 4073 946 4130 vitas
960 4075 1142 4146 exstinguere
1157 4076 1245 4132 verbo

563 4170 636 4226 Tam
649 4172 753 4227 facili?

249 4308 456 4318 *-

277 4416 299 4466 1.
316 4433 326 4461 r
343 4414 441 4474 Quand
456 4415 585 4479 (charles)
602 4417 698 4480 perluit
710 4417 743 4467 de
757 4416 843 4476 Rene,
860 4422 989 4483 troppau
1005 4419 1038 4468 ds
1055 4419 1137 4469 chose
1152 4419 1290 4469 l'estimcit
1305 4433 1409 4470 comme

246 4503 256 4530 r
273 4486 313 4536 s’il
325 4487 382 4536 sust
399 4500 455 4550 ung
474 4485 555 4550 geant
573 4492 601 4537 et
619 4487 696 4537 Rene
711 4503 767 4551 ung
780 4490 852 4539 nain.
870 4507 879 4533 r
898 4491 1010 4551 (Robert
1028 4488 1141 4552 Gaguin,
1157 4495 1196 4542 Lu
1210 4493 1270 4541 Mer
1285 4491 1332 4541 des
1350 4492 1412 4542 Oro·

244 4560 343 4621 niques
356 4560 383 4607 et
397 4562 519 4608 miroucr
532 4559 667 4620 hystorias
681 4561 716 4609 de
730 4563 844 4615 Franco.
863 4561 931 4611 1536.
947 4561 978 4611 L.
993 4559 1027 4620 V,
1043 4561 1147 4612 feuillet
1162 4561 1213 4621 CC,
1229 4563 1331 4622 verso.)
