3306 5468
739 575 916 644 ,43-

251 718 324 796 laus
348 718 486 801 Voteqr1,
510 720 660 799 ejusdem
674 721 769 784 ducis
793 723 900 786 scriha
915 723 955 784 ab
977 723 1140 802 epistulis.
1163 724 1240 805 Qui,
1265 724 1328 786 etsi
1348 741 1415 786 non

251 842 364 886 ornnes
383 825 497 887 Sancti
511 826 655 888 Deodati
675 828 788 890 sedem
802 829 1005 909 hahuerunt,
1027 837 1226 893 tamencum
1241 830 1414 893 sodalitate

250 931 435 1007 Vcsageusi
458 933 675 1010 epistularum
700 936 897 996 commercio
919 934 1071 1017 quodam,
1097 935 1150 996 vel
1173 935 1249 997 aliis
1270 935 1414 998 vinculis

248 1037 417 1116 conjuncti
442 1044 531 1119 sunt,
556 1047 588 1100 et
607 1040 678 1118 pari
701 1040 809 1101 studio
833 1041 1068 1120 grammaticae,
1089 1040 1225 1121 litteris,
1250 1041 1413 1122 historiae,

242 1144 310 1222 juri
331 1142 503 1223 canonico,
528 1145 736 1223 geographiae
757 1153 789 1206 et
807 1147 931 1207 artibus
956 1163 1087 1226 operam
1108 1147 1279 1210 dederunt.
1297 1148 1415 1225 Magna

245 1249 322 1310 inde
344 1249 545 1310 Deodatensi
571 1251 699 1312 civitati
718 1252 806 1312 sama
826 1259 1021 1334 comparata,
1050 1252 1079 1312 si
1104 1254 1217 1315 credas
1238 1255 1300 1315 uni
1319 1256 1414 1316 exiis

247 1355 391 1417 dicenti:
468 1370 470 1376 ·

418 1548 471 1602 Est
484 1550 566 1604 locus
580 1550 612 1603 in
626 1549 742 1620 Vosego
752 1552 813 1620 jam
827 1555 914 1605 notus
929 1551 1036 1621 ubique
1051 1569 1101 1622 per
1115 1552 1224 1622 orbem,

457 1645 496 1714 A,
514 1647 657 1716 Deodate,
674 1651 725 1700 tuo
740 1647 856 1702 nomine
870 1664 974 1702 nomeu
990 1647 1128 1707 habeus².

291 1829 435 1893 Officiua
448 1850 525 1893 vero
540 1832 777 1912 typographica
792 1851 811 1893 a
826 1832 1005 1894 Gualthero
1017 1833 1103 1914 Lud,
1121 1841 1157 1894 ut
1173 1850 1271 1911 supra
1291 1850 1414 1896 memo·

244 1946 350 1997 ratum
366 1946 426 2018 est,
443 1938 597 1999 instituta
610 1939 679 1999 fere
689 1938 923 2016 antiquissIma
936 1937 1159 2015 LotharIngIae
1173 1936 1340 1999 liabetur³.
1357 1938 1411 1999 Ihi

244 2043 332 2103 edita
347 2049 396 2103 est
419 2044 459 2104 ah
474 2042 687 2122 H'ylacoruilo
709 2053 740 2105 et
765 2043 915 2105 Philesio
937 2045 1114 2122 conspicua
1133 2043 1195 2105 illa
1215 2043 1408 2122 Cosmogra·

243 2147 330 2227 phiae
356 2147 557 2210 introductio
579 2147 806 2209 Maximiliano
830 2149 1018 2227 imperatori
1039 2149 1147 2210 dicata
1158 2147 1180 2226 ‘,
1204 2149 1241 2208 iu
1262 2165 1327 2226 qua
1345 2149 1411 2226 pri·

242 2273 333 2315 mum
348 2263 473 2316 constat
488 2254 689 2334 descriptum
704 2273 776 2316 esse
791 2271 914 2315 novum
928 2255 1040 2316 orbem
1055 2273 1074 2316 a
1093 2254 1330 2333 christophoro
1347 2254 1409 2317 Co·

242 2359 353 2422 lcmho
370 2360 542 2421 inventum
557 2367 589 2421 et
604 2360 748 2439 primurn
764 2360 952 2423 Amerinam
968 2357 1189 2439 appellatum⁸
1205 2358 1245 2421 de
1263 2359 1410 2421 Americi

242 2465 402 2546 Vespuoii
418 2468 566 2548 nomine,
586 2485 686 2546 quern
705 2475 831 2529 tantum
851 2466 1074 2528 Deodatensas
1095 2466 1276 2544 geographi
1295 2465 1410 2527 riden-

242 2579 294 2633 tur
308 2573 454 2634 novisse.
473 2574 558 2634 Huic
579 2573 664 2634 libro
678 2573 798 2634 additae
821 2583 912 2634 eraut
934 2580 1074 2652 quatuor
1090 2573 1238 2634 Americi
1253 2573 1410 2652 Vespucii

242 2679 470 2756 navigatIoues
484 2697 503 2740 a
518 2679 647 2740 Ioanne
662 2678 786 2740 Basiuo
801 2679 902 2739 latine
919 2678 1096 2739 translatae.
1119 2678 1167 2738 Ex
1186 2679 1306 2740 iisdem
1322 2678 1409 2757 typis

241 2792 308 2844 tres
320 2801 451 2863 quoque
462 2783 541 2845 libri
551 2785 664 2845 excusi
679 2790 767 2864 sunt,
785 2784 929 2863 prImum
942 2785 1044 2845 Novus
1061 2786 1238 2860 elephasque
1253 2785 1410 2862 confictore·

242 2893 354 2951 derata
368 2892 566 2969 epistolarum
582 2900 742 2967 tractatos,
758 2889 918 2951 aJoaune
933 2888 1055 2950 Basino
1076 2891 1217 2969 scriptus
1233 2884 1407 2972 (MDVII),

276 3335 295 3385 l.
312 3335 352 3386 Cf.
368 3335 402 3385 A.
419 3335 509 3398 DIgot,
533 3337 646 3385 It'ieolas
665 3337 770 3399 Volcqr.
792 3334 947 3398 (Me'moires
967 3336 1002 3385 de
1023 3336 1187 3386 l’Acade'mie
1205 3336 1239 3385 de
1262 3335 1408 3397 stanislas,

270 3477 294 3526 2.
311 3475 455 3534 Philesius,
482 3477 671 3525 Grammatico
688 3475 823 3539 flqurute.
848 3474 967 3538 Epistola
992 3475 1025 3525 ad
1050 3475 1208 3525 Gualteruru
1232 3475 1301 3525 Lud.
1320 3502 1352 3510 —
1367 3474 1406 3525 cf.

241 3544 372 3603 Schmidt,
387 3559 431 3608 op.
446 3548 503 3608 cit,
519 3551 538 3595 t.
553 3545 588 3604 Il,
604 3560 631 3609 p.
650 3547 701 3596 III.

271 3618 295 3666 3.
312 3615 381 3665 Vide
398 3616 502 3664 Arthur
516 3615 622 3674 Benoit‚
640 3634 649 3661 r
666 3615 750 3665 Notes
765 3630 813 3666 sur
826 3617 866 3666 les
881 3620 1130 3666 commencements
1145 3617 1178 3666 de
1194 3613 1408 3681 l¹impriruer1eh

241 3686 379 3737 saint-Die
401 3705 411 3732 r
428 3688 564 3748 (Bellctio
579 3687 613 3735 de
628 3688 657 3737 Ia
672 3685 1005 3750 Societeplttlomethtqae
1015 3692 1172 3749 oosqr'roae,
1185 3690 1204 3737 t.
1216 3686 1292 3747 XIII,
1303 3701 1330 3750 p.
1345 3685 1406 3747 183.)

270 3759 293 3807 4.
313 3757 535 3820 Cosraoqraphe'ae
555 3757 724 3807 introductio
744 3770 805 3806 earn
823 3757 987 3821 quibusdam
1007 3761 1163 3820 qeometrtee
1183 3769 1215 3806 ae
1231 3760 1407 3808 astronomiae

236 3832 386 3892 principles
402 3829 439 3878 ad
454 3842 514 3878 eota
531 3841 588 3877 rem
603 3832 774 3877 necessariis.
789 3830 907 3892 Insuper
921 3831 1041 3892 quatuor
1055 3831 1173 3878 Americi
1193 3830 1315 3892 Vespucii
1329 3831 1408 3877 atavi·

240 3902 375 3961 potiones,
390 3902 440 3948 ete.
1055 3904 1057 3907 ’

271 3969 341 4018 Vide
357 3968 503 4026 d'Avezae‚
520 3981 563 4031 op.
579 3971 636 4030 cit,
656 3980 682 4031 p.
698 3967 729 4017 28
744 3981 785 4032 sq.
806 3968 836 4017 L.
857 3968 969 4027 Gallois‚
990 3971 1039 4018 Les
1060 3969 1232 4032 Geoqraplres
1250 3968 1407 4018 alternanda

240 4039 275 4088 de
289 4041 319 4089 la
334 4041 529 4089 Rescissarwe.
551 4038 741 4096 (scotiaeque
761 4040 790 4088 la
811 4040 926 4090 Faculte'
946 4040 994 4088 des
1008 4039 1102 4088 lettres
1121 4039 1155 4088 de
1176 4042 1262 4101 Lyca,
1289 4045 1309 4087 t.
1330 4036 1405 4086 XIII.

241 4108 327 4167 Paris,
342 4109 459 4158 Leroux.
477 4108 554 4171 1890.)

270 4180 293 4228 5.
312 4197 322 4224 r
342 4218 407 4229 .....
427 4184 455 4228 et
474 4179 524 4228 alia
542 4182 641 4244 quarta
657 4192 720 4242 pars
739 4177 831 4241 (orbis)
851 4191 902 4242 per
920 4178 1079 4230 Americum
1093 4178 1257 4243 Vesputium
1270 4177 1311 4240 (ut
1325 4178 1353 4226 in
1367 4191 1407 4227 se·

203 4310 206 4315 ³
242 4250 417 4312 equentibus
438 4249 573 4312 dudletur)
593 4250 703 4298 inventa
723 4254 773 4307 est,
793 4262 874 4313 quarn
893 4262 949 4297 non
968 4249 1047 4299 video
1068 4263 1117 4299 cur
1136 4250 1197 4313 quIs
1208 4249 1270 4311 jure
1285 4251 1359 4296 vetet
1373 4247 1406 4296 ab

240 4336 251 4363 r
268 4320 395 4369 Americo
410 4320 561 4378 inventore,
577 4321 683 4382 sagacis
701 4319 803 4382 iugcuii
822 4319 889 4379 vtro,
904 4318 1051 4382 Amorigeu
1066 4319 1144 4384 quasi
1162 4318 1282 4367 Amerioi
1297 4321 1405 4376 terram,

242 4407 252 4434 l
269 4390 326 4440 slve
341 4390 496 4439 Americam
510 4389 723 4440 dicendam.....
741 4407 750 4434 r
769 4389 824 4439 Fol.
840 4388 901 4448 XV,
917 4402 995 4439 verso
1012 4388 1224 4453 (Hylacomilus).

271 4460 310 4510 CI.
327 4460 357 4509 II.
374 4460 508 4519 Mecume,
525 4478 535 4505 r
552 4459 728 4510 Recherches
747 4473 794 4510 sur
812 4459 923 4510 Americ
938 4459 1066 4525 Vespuce
1083 4478 1105 4511 r.
1120 4459 1253 4524 (Bulleh'o
1267 4462 1302 4511 de
1317 4461 1347 4510 le
1361 4462 1407 4509 So·

239 4531 309 4581 ciete'
322 4530 523 4593 d’arche'olcqie
538 4531 673 4595 lorraine,
689 4534 708 4580 t.
724 4530 880 4590 XXXVIII,
897 4545 923 4594 p.
939 4531 990 4594 55.)
