3306 5468
43 4886 173 5128 N

734 535 911 604 -.34-

230 689 332 743 tatum
350 699 421 744 esse
436 684 492 762 qui
508 683 544 743 in
560 700 598 744 eo
613 683 735 762 primas
751 693 1014 767 egerantparles,
1030 686 1084 747 vel
1099 703 1238 765 quorum
1251 687 1286 748 in
1299 689 1419 750 oculis

230 806 282 847 res
293 795 393 864 gestae
406 797 506 849 erant.
518 788 567 867 Ne
577 789 751 868 populares
760 793 1050 870 quidemrumores
1063 793 1249 870 neglexisse
1257 795 1412 872 videtur,

230 893 351 973 quippe
375 895 432 973 qui
459 895 557 956 etiam
581 897 867 958 cantiuncularum
892 899 1084 961 meminerit
1107 900 1228 978 quibus
1253 899 1353 977 plebs
1378 910 1414 962 et

231 1002 375 1077 gregarii
391 1000 516 1063 milites
530 1001 728 1079 Burgundos
744 1003 945 1066 deridebant.
963 1005 1062 1066 Juvat
1076 1005 1168 1066 enim
1183 1023 1260 1066 eum
1277 1006 1411 1068 referre

232 1106 452 1184 Lotharingos
467 1109 614 1169 animum
629 1108 682 1170 vel
698 1109 733 1171 in
748 1111 912 1185 angustiis
925 1128 1036 1171 rerum
1047 1128 1113 1172 non
1125 1111 1314 1190 demisisse,
1330 1107 1411 1174 cum

231 1213 379 1292 undique
393 1215 429 1274 in
446 1213 585 1277 Nanceii
601 1217 724 1278 nioeuia
738 1216 862 1277 serrum
877 1224 907 1277 et
920 1216 1243 1296 ignesimpluerent:

267 1371 375 1439 Naue,
387 1371 444 1440 ΙΙΙ,
460 1390 488 1429 v.
508 1373 563 1426 192
578 1389 621 1441 sq.
641 1391 647 1424 ε
670 1415 958 1430 ...............
981 1371 1065 1428 Saeva
1075 1374 1194 1444 jocosus

498 1467 587 1522 Arma
603 1468 679 1523 levat
694 1470 815 1537 clamor,
832 1477 893 1524 tum
907 1471 993 1539 risus,
1010 1466 1248 1543 senna'selesque

499 1566 694 1636 Carminaque
710 1574 866 1639 exsurgunt
880 1568 975 1623 derisu
989 1569 1075 1638 plens.
1088 1587 1201 1637 severo,

498 1663 591 1733 Inque
606 1665 698 1719 vicem
714 1668 844 1721 mordent
859 1684 921 1721 sese
936 1667 1117 1722 sermonibus
1133 1667 1241 1723 hostes.

351 1759 389 1818 V.
408 1761 476 1815 203.
493 1758 534 1815 At
550 1763 627 1816 cives
643 1768 744 1817 contra
759 1765 822 1818 lraec
839 1783 846 1817 ι
865 1765 888 1820 Ο
902 1770 1028 1820 vestrum
1045 1783 1062 1818 a
1076 1764 1163 1834 vulpe
1179 1765 1326 1836 Coponem

497 1860 557 1914 Vos
572 1867 670 1915 nostra
684 1868 808 1931 servate,
824 1862 933 1919 hostes.
950 1862 1112 1932 Vulpecula
1126 1863 1252 1931 praedam

496 1957 581 2011 Hanc
596 1964 715 2028 rapturo
728 1959 821 2027 venit,
837 1959 934 2029 fugiat
949 1960 1068 2013 suadete
1085 1959 1197 2029 Coponi
1210 1961 1230 2018 ¹.

230 2119 367 2180 Nemini
376 2120 520 2197 prolecto
528 2119 650 2180 mirum
659 2119 719 2179 erit
731 2119 934 2200 Petro,inter
940 2120 1033 2181 ducis
1044 2119 1402 2200 consiliariosversato,

227 2228 429 2305 inpromptu
446 2225 549 2287 luisse
569 2225 673 2286 multa
694 2244 712 2285 a
734 2226 948 2307 Letharingis
968 2224 1020 2287 vel
1041 2226 1179 2288 ducibus
1200 2228 1254 2289 rel
1269 2226 1402 2288 civibus

230 2331 379 2408 excipere
390 2349 463 2411 quae
474 2331 508 2391 iu
517 2349 633 2411 poema
644 2333 845 2394 transferret.
857 2332 1048 2405 Quinetiam
1059 2333 1190 2412 scriptis
1201 2340 1401 2394 commenta·

229 2437 289 2499 riis
309 2439 340 2499 ei
356 2437 405 2499 uti
422 2437 559 2499 licuisse
578 2444 715 2498 constat.
734 2437 808 2498 Jarn
824 2456 922 2516 supra
936 2425 1109 2499 laudatus²
1127 2444 1175 2498 est
1192 2437 1400 2500 memorialis

228 2545 288 2607 ille
303 2543 438 2607 libellus
455 2564 473 2605 a
488 2544 694 2623 Christiano,
712 2544 842 2621 quisuit
859 2544 977 2606 Renati
994 2545 1034 2606 ab
1049 2545 1213 2622 epistulis,
1226 2544 1310 2623 duce
1326 2545 1400 2624 ipso

222 2653 372 2733 jubente,
390 2651 603 2731 compositus.
621 2649 663 2711 In
680 2651 829 2730 expedito
845 2660 893 2712 est
908 2658 939 2711 et
954 2651 992 2711 ad
1003 2651 1248 2729 rempertinere
1258 2651 1402 2714 arbitror

226 2777 302 2820 cum
337 2757 398 2818 hoc
427 2756 543 2819 libello
570 2757 718 2817 conferre
743 2775 815 2835 quae
847 2758 919 2835 ipse
951 2758 989 2818 de
1018 2757 1139 2818 iisdem
1168 2759 1266 2819 rebus
1296 2759 1400 2833 gestis

227 2872 339 2926 noster
362 2863 399 2923 in
424 2871 513 2924 sexto
537 2864 699 2925 Nonccidis
715 2861 801 2924 libro
823 2863 967 2924 tradidit.
992 2863 1074 2924 lude
1091 2865 1216 2942 patebit
1236 2864 1401 2927 nonnulla

230 2979 380 3031 nostrum
403 2987 441 3029 ex
462 2968 648 3030 Christiani
671 2970 905 3031 commentario
930 2969 1094 3049 hausisse,
1117 2970 1159 3030 ad
1178 2987 1251 3031 eam
1279 2970 1401 3032 saltem

230 3077 389 3157 poematis
405 3082 530 3153 partem
548 3074 753 3135 condendam
775 3092 840 3154 qua
859 3076 944 3154 apud
962 3075 1148 3137 Nanceium
1163 3093 1272 3155 pugna
1287 3093 1400 3138 narra·

229 3191 293 3245 tur.
313 3183 423 3245 Pauca
438 3188 550 3244 autem
565 3180 712 3259 exempla
728 3183 874 3259 proferre
891 3183 970 3242 satis
986 3182 1067 3243 erit:

258 3420 279 3470 l.
295 3419 385 3468 Leetes
402 3431 512 3482 quoqne
528 3419 661 3466 memorat
676 3419 770 3466 noster
784 3413 1011 3478 Letharingornm
1026 3415 1165 3465 ocutiones
1182 3419 1244 3480 post
1259 3415 1400 3466 devictum

225 3489 371 3608 Gamldlrrnric',
383 3559 424 3610 Vl,
434 3570 456 3599 v.
468 3559 507 3600 855
518 3569 523 3597 :
534 3558 584 3597 Vox
594 3557 626 3595 ibi
635 3556 773 3605 psallentum
783 3554 906 3605 laetissima,
915 3555 999 3592 multus
1009 3559 1032 3594 et
1041 3555 1086 3594 oris

530 3620 606 3658 Risus.
618 3618 648 3656 nt
656 3621 709 3656 ante
718 3627 795 3656 omnes
805 3627 850 3655 vox
859 3620 893 3654 est
902 3616 1032 3664 replicetior
1040 3629 1094 3668 una,

529 3681 605 3728 Atque
614 3680 693 3717 ducem
702 3679 796 3729 fugisse,
806 3679 884 3716 ducem
894 3677 987 3729 fugisse,
998 3679 1123 3727 ducemque

530 3743 625 3789 Fugisse
635 3741 755 3780 adversum
765 3740 848 3788 repetit
857 3739 1006 3779 creberrimus
1017 3740 1064 3779 odas

530 3804 641 3844 Circulos.

257 3865 298 3914 Cl.
313 3864 470 3928 Hugueuim
486 3878 528 3926 op.
544 3865 600 3923 cit,
616 3875 643 3924 p.
658 3859 770 3910 css-289.

258 3936 329 3985 Fieri
344 3935 432 3998 potuit
451 3938 481 3983 ut
501 3939 527 3984 et
546 3937 638 3982 notam
653 3932 768 3981 haberet
787 3931 885 3980 Petrus
901 3931 1062 3982 cantilenam
1077 3945 1131 3996 qua
1143 3930 1230 3981 Caroli
1245 3930 1349 3982 cladem
1362 3933 1400 3984 ad

226 4006 360 4056 Moratum
376 4003 493 4055 Helvetii
508 4005 643 4054 cecinere.

258 4076 298 4126 ct.
314 4075 430 4126 Diebold
447 4075 585 4138 Schilling‚
606 4073 809 4134 Beschrer'dunq
829 4074 880 4122 der
898 4074 1130 4135 Bnrqnncttscnen
1150 4075 1281 4135 Krthee.
1296 4073 1399 4134 Berne,

227 4149 296 4209 1743,
317 4162 344 4213 p.
365 4147 420 4207 349,
440 4147 542 4197 trednit
559 4159 609 4209 per
627 4144 763 4204 Michelet,
784 4159 826 4207 op.
844 4146 889 4193 cit.
905 4158 913 4192 :
931 4162 941 4189 l
962 4144 1111 4208 Beauconp
1131 4145 1267 4195 sauteient
1285 4146 1352 4196 dens
1371 4145 1399 4197 le

228 4220 279 4278 lec,
295 4223 322 4269 et
340 4221 469 4283 pourtant
484 4217 617 4266 n’avaient
631 4228 680 4279 pes
694 4215 754 4264 sois.
772 4231 782 4258 n

359 4293 391 4344 ΙΙ,
402 4303 423 4331 v.
435 4292 474 4332 254
484 4303 518 4340 sq.
530 4303 536 4330 ε
551 4314 919 4330 ...................
933 4287 979 4327 Ore

531 4353 603 4392 Multa
612 4352 692 4392 bibunt
701 4355 795 4389 mortem
806 4349 857 4388 duri
868 4349 916 4387 sine
925 4349 1026 4388 vulneris
1035 4349 1089 4400 ictu,

530 4415 606 4462 Atque
616 4415 654 4452 siti
663 4413 774 4452 moriente
785 4411 866 4450 bibunt
875 4411 981 4458 interque
990 4411 1112 4450 bibendum
1123 4421 1129 4449 ε

531 4493 540 4511 u
552 4477 675 4525 Mergimur
686 4489 705 4525 n,
715 4475 851 4523 exclamant,
863 4487 871 4506 s
883 4472 927 4511 heu
937 4473 1074 4520 mergimur!
1087 4486 1097 4506 ι

255 4542 277 4590 s.
296 4539 336 4588 ur.
351 4553 378 4603 p.
397 4540 433 4588 n.
