3306 5468
749 543 928 612 ...64-

298 692 421 753 Forsan
443 707 548 751 unum
566 699 620 752 aut
640 690 781 752 alterum
805 678 844 753 e‘x
866 691 920 753 his
942 692 1092 755 versibus
1105 693 1232 772 legenti
1253 696 1367 759 veniat
1386 696 1419 758 in

253 805 399 859 mentem
415 796 549 874 lignarii
566 796 660 858 illius
675 815 774 877 quem
788 797 957 860 Fontanus
973 809 1082 862 noster
1096 800 1225 861 inducit
1243 820 1250 862 ε

297 905 335 964 L.
354 903 383 984 I,
401 903 426 963 l.
445 901 485 964 lo
501 899 556 986 (Lo
570 905 645 964 llort
659 913 685 964 et
699 905 725 964 te
739 900 925 988 Meliorem:

463 1043 493 1097 Il
504 1050 558 1098 met
572 1045 620 1098 boe
634 1061 683 1098 eon
691 1044 787 1114 sepes,
803 1045 826 1098 il
839 1061 923 1115 sonpe
936 1044 955 1097 ὰ
968 1061 1020 1097 son
1032 1043 1166 1102 mulceor.

462 1241 508 1294 En
523 1238 599 1293 cst-il
611 1257 649 1293 un
659 1238 726 1308 plus
738 1256 848 1307 penore
863 1256 895 1292 en
909 1241 940 1293 le
953 1238 1078 1292 machine
1091 1237 1200 1293 recole?

647 1335 677 1388 Il
690 1335 800 1404 appelle
814 1335 844 1389 lo
858 1335 946 1392 Most.

293 1434 338 1494 cf.
566 1475 654 1490 .....
674 1431 761 1487 Miser
775 1437 805 1486 et
818 1449 965 1502 pannosus
973 1475 1080 1492 ......

802 1573 888 1590 .....
909 1536 938 1585 et
951 1533 1052 1587 mortis
1066 1533 1185 1588 amanti.

298 1613 350 1675 Cf.
367 1612 484 1674 etiam:

803 1741 888 1756 .....
910 1697 1019 1754 tribute
1033 1701 1153 1757 daturus

533 1777 592 1834 Sub
607 1794 788 1850 quocumque
804 1780 918 1834 docum.

298 1922 337 1986 L.
357 1922 416 2005 VI,
434 1923 460 1984 f.
478 1920 510 1984 8ι
526 1918 577 2006 (le
595 1923 737 1983 Vielllord
754 1932 780 1982 et
793 1919 890 2004 llice)
909 1941 916 1981 :

449 2064 513 2118 Et!
527 2080 578 2132 que
591 2064 743 2134 m’importe
757 2064 838 2131 dono,
856 2063 995 2130 cittene,
1011 2061 1029 2116 d
1043 2063 1093 2133 qui
1096 2063 1132 2131 je
1144 2061 1223 2118 soie?

371 2336 378 2349 ι
449 2258 499 2312 Me
507 2222 651 2328 fero-ten
659 2264 758 2328 perier
772 2257 870 2310 double
885 2257 943 2325 bot,
960 2256 1059 2310 double
1072 2255 1194 2342 ebarpe'?

299 2396 453 2475 Simplici
467 2397 571 2474 igitur
586 2397 680 2459 vultu
698 2397 806 2458 bestia
825 2397 968 2459 creditus
989 2397 1227 2480 Theodericus,
1245 2406 1423 2478 postquam

254 2512 359 2565 castre
373 2505 502 2583 trajecit
517 2512 549 2565 et
565 2503 685 2582 Anglis
704 2505 826 2565 fascem
847 2521 939 2564 snam
957 2501 1054 2565 facile
1074 2502 1234 2585 vendidit,
1253 2506 1422 2569 moenibus

254 2611 458 2689 pedetentim
472 2610 682 2694 propinquat,
698 2611 775 2673 dum
796 2629 830 2672 se
851 2609 1034 2672 obsidionis
1050 2611 1193 2672 novitate
1210 2618 1341 2691 captum
1356 2612 1419 2673 fin-

253 2719 313 2793 git.
333 2716 439 2789 Quem
454 2717 575 2778 frustra
594 2718 707 2778 audire
728 2717 880 2780 consulto
898 2717 1068 2778 nolentem
1086 2726 1222 2779 monent
1237 2717 1342 2795 Angli
1356 2719 1421 2780 mi·

253 2825 330 2884 lites
347 2831 383 2885 ut
400 2824 439 2884 ab
455 2823 649 2902 omniparis
664 2822 811 2884 volantes
826 2823 961 2900 sagittas
977 2829 1113 2886 caveat:

331 2964 369 3020 V.
387 2963 453 3018 536.
475 2963 528 3017 Ille
543 2964 711 3033 sagittarum
726 2962 845 3017 miratur
858 2962 895 3016 ab
910 2963 981 3017 urbe
992 2962 1146 3040 'volantum

465 3061 571 3116 Rostra
585 3065 630 3115 tot
644 3071 673 3116 et
687 3060 809 3130 spissum
824 3059 964 3114 findentes
979 3076 1046 3114 aera
1061 3076 1181 3129 pennas,

464 3160 503 3213 Et
516 3159 606 3214 veluti
620 3176 715 3213 rerum
730 3163 831 3228 eaptus
844 3159 987 3226 novitate,
1002 3158 1048 3213 vir
1061 3162 1137 3212 astat

464 3257 640 3328 Admirator,
656 3263 685 3310 et
698 3258 750 3310 hos
764 3257 865 3310 laudet
877 3256 1030 3324 fallaciter,
1044 3255 1148 3309 harum-

465 3355 581 3409 Lnudat
594 3362 623 3409 et
638 3353 788 3422 artificem,
803 3353 911 3408 ferrum
926 3370 1004 3407 nune
1016 3353 1116 3407 laudat
1130 3357 1159 3406 et
1173 3351 1245 3421 alas,

467 3453 532 3516 Qua
546 3453 666 3507 miratur
679 3453 748 3507 item
762 3452 943 3521 desumptum
958 3457 1002 3506 est
1014 3451 1116 3505 arbore
1130 3451 1251 3520 lignum,

464 3548 600 3619 Viliaque
614 3555 665 3604 aut
680 3550 780 3604 saltem
793 3550 858 3604 visu
872 3549 1036 3603 eommunia
1049 3547 1159 3616 landet,

466 3645 592 3716 Tempus
606 3651 634 3700 et
647 3647 714 3701 inde
729 3647 795 3702 terit
810 3663 914 3701 vanum
930 3662 989 3700 non
1003 3663 1105 3701 vanus.
1121 3643 1247 3714 stipsis

467 3743 612 3798 Moenibus
627 3744 749 3813 accedit,
766 3751 923 3814 notumque
937 3744 966 3797 in
982 3744 1109 3814 margine
1122 3743 1208 3797 fossae

465 3839 502 3895 Se
518 3841 606 3910 locat,
623 3841 763 3912 obrepens
778 3841 910 3896 manibus
925 3857 1098 3912 crurumque
1113 3840 1227 3908 labere3

464 3938 562 4008 Atque
577 3940 644 3993 dato
659 3938 732 3992 muri
746 3938 914 3993 custodibus
929 3943 1015 3993 antee
1029 3937 1124 4008 signo,

467 4034 505 4090 Se
516 4036 589 4106 jacit
602 4036 633 4089 in
646 4036 740 4090 fossas
756 4052 883 4107 praeceps
897 4052 1059 4105 nomenque
1073 4034 1179 4088 Reneti

466 4132 589 4203 Clamat,
606 4150 746 4205 opemque
766 4151 892 4205 vocans3
908 4151 972 4189 mex
987 4131 1137 4188 exauditus
1152 4132 1183 4186 in
1196 4132 1296 4187 urbem

464 4231 615 4302 Excipitur
629 4229 714 4300 fidus,
732 4233 920 4302 perprudens,
935 4249 1056 4302 praepes,
1072 4231 1172 4300 ituque

464 4326 508 4382 Ae
524 4327 630 4385 reditu.

251 4468 462 4479 ——-—-—-

286 4547 306 4597 1.
323 4546 363 4596 cf.
379 4546 536 4609 Pnaeor.,1,
555 4547 592 4596 15.
