3306 5468
737 545 913 614 ,77-

245 688 418 777 νογράμμα,
436 691 600 770 proferam
628 708 692 770 quo
721 709 787 753 una
815 702 1042 756 memorantur
1064 694 1170 775 locus,
1196 712 1314 778 annus,
1340 695 1413 758 dies

245 799 435 878 mensisque
450 798 570 876 quibus
587 797 708 861 occidit
724 797 863 860 Carolus
881 818 888 859 :
967 845 969 849 .

284 964 392 1032 Naue,
407 962 461 1035 vl,
478 981 508 1019 v.
525 964 581 1018 6t7
597 982 604 1016 ι
628 961 771 1018 CaroLVs
785 962 844 1017 th
860 965 929 1018 lanl
944 945 1057 1036 qunta
1072 964 1123 1019 sIC
1138 965 1244 1021 VInCo
1260 967 1410 1035 renatVM,

499 1061 554 1116 Ore
568 1062 664 1116 locum
679 1063 777 1115 mortis
791 1080 973 1133 mensemque
989 1080 1153 1133 annumque
1168 1064 1301 1134 diemque

496 1159 534 1214 Vi
549 1160 661 1229 periens
675 1160 766 1213 multa
781 1177 864 1214 versu
878 1159 1080 1229 complectitur
1095 1178 1164 1216 uno.

290 1315 391 1401 (1476
408 1313 539 1403 [ancien
559 1314 655 1404 style]
680 1321 794 1400 quinta
813 1320 901 1384 Jani.
922 1321 973 1385 Ibi
990 1339 1119 1400 quoque
1135 1330 1168 1384 et
1189 1324 1361 1384 Virttctbum
1381 1330 1412 1385 et

244 1426 413 1487 Nuaceium
428 1425 572 1505 reperies
583 1421 620 1506 ¹.)

291 1530 480 1608 AEnigmata
494 1549 624 1610 quoque
640 1533 752 1612 accipe
776 1532 812 1593 iu
837 1532 958 1610 quibus
977 1542 1117 1610 nugatur
1132 1534 1263 1596 Petrus.
1281 1534 1329 1596 Ea
1345 1553 1412 1599 am·

239 1630 329 1716 b'age
343 1638 497 1715 signiferi
511 1639 563 1719 cuj
569 1638 684 1700 usdam
697 1656 888 1718 praenomen
902 1639 1067 1701 indicetur
1084 1660 1092 1703 :

286 1807 339 1879 VI,
356 1825 385 1864 v.
402 1806 479 1860 402:
495 1805 530 1858 ln
544 1805 619 1860 Jove
634 1824 698 1875 quae
714 1807 791 1876 prior
805 1811 847 1859 est
863 1807 975 1876 syllaba
988 1814 1098 1878 surgat,
1117 1807 1200 1878 eique

499 1902 672 1958 Hannibalis
685 1905 817 1973 primam,
833 1920 898 1957 mox
911 1904 1030 1974 primam
1045 1905 1174 1961 Nestoris
1190 1905 1275 1961 adde.

248 1997 421 2086 (loannes.)
478 2041 480 2047 ·

294 2108 360 2170 Sed
376 2110 528 2170 obsessos
546 2109 771 2172 Nam-cieuses
796 2117 827 2171 et
852 2109 965 2170 inedia
983 2111 1064 2173 adeo
1083 2111 1267 2173 laborantes
1282 2120 1331 2191 ut,
1348 2113 1414 2174 nisi

248 2215 472 2295 subveniatur,
489 2216 625 2294 jamjam
642 2216 780 2296 perituri
796 2216 874 2296 sint,
887 2215 962 2293 quis
978 2218 1088 2278 credat
1102 2216 1181 2278 satis
1195 2217 1307 2280 animo
1321 2236 1414 2280 vaca-

247 2323 336 2383 visse
351 2330 388 2383 ιιι
405 2322 487 2383 tales
507 2324 652 2400 argutias
673 2319 965 2389 consectarentur?
988 2322 1027 2383 ln
1049 2323 1109 2385 hac
1130 2331 1240 2385 tamen
1263 2323 1362 2400 longa
1382 2331 1413 2384 et

176 2440 181 2447 ·
247 2427 437 2490 incredibili
461 2430 588 2489 Reuato
613 2428 715 2489 missa
738 2427 892 2509 epistula,
915 2429 1203 2507 inopinatumque
1227 2430 1310 2492 feles
1327 2431 1412 2492 desi-

240 2540 364 2610 ·:guetur
378 2535 520 2596 occurrit
536 2535 678 2612 aenigma
694 2553 701 2594 :
1356 2528 1358 2535 ’

285 2690 341 2760 IV,
356 2710 385 2748 v.
403 2691 461 2745 244
475 2710 482 2744 ι
505 2733 686 2750 .......
702 2692 786 2760 cujus
800 2708 898 2746 veram
912 2697 982 2746 tunc
996 2692 1112 2764 perlege
1124 2710 1237 2764 vocem,

499 2788 611 2842 Littera
626 2787 648 2841 si
663 2787 765 2858 procul
780 2794 822 2842 est
837 2804 854 2841 o
869 2787 975 2857 scripto
990 2796 1092 2859 quarta
1106 2788 1215 2847 lleatu.

498 2883 597 2940 Dictio
612 2885 662 2938 sed
676 2883 726 2938 fiet
742 2890 812 2939 tunc
826 2884 890 2938 haec
904 2884 1048 2939 disillaba.
1065 2882 1186 2940 Cunctis
1232 2948 1237 2955 .

498 2980 629 3036 Muribus
643 2980 706 3035 haec
721 2986 791 3035 nota
806 2985 861 3049 est,
877 2979 986 3034 tonitru
1001 2981 1145 3035 crudelior
1159 2981 1249 3034 omni.

266 3132 268 3136 ’
292 3143 333 3204 Ιιι
355 3149 506 3221 promptu
525 3143 625 3203 etiem
646 3148 732 3230 esset
753 3141 912 3218 colligere
933 3141 1117 3204 illiberales
1136 3143 1270 3205 facetias
1293 3141 1415 3221 quibus

250 3251 371 3330 saepius
387 3251 572 3311 Nouaetdem
582 3247 855 3310 condivitnoster
868 3255 900 3309 et
914 3265 995 3326 quas
1008 3249 1115 3328 seriae,
1132 3249 1233 3310 immo
1250 3248 1351 3326 cpicae
1367 3249 1416 3310 rei

248 3356 429 3420 narrationi
447 3354 705 3433 intemperanter
732 3353 921 3415 admiscuit.
950 3354 1107 3416 iocosum
1135 3363 1166 3442 et
1191 3354 1331 3415 hilarem
1355 3352 1417 3413 Pe-

249 3470 337 3524 trum
352 3462 457 3523 fuisse
467 3460 537 3540 jam
552 3477 611 3520 nos
627 3458 799 3521 admonuit
812 3477 831 3520 a
847 3460 1023 3521 Laurentio
1036 3459 1181 3521 Pilladio
1197 3460 1417 3538 compositum

240 3568 456 3649 epitaphium
474 3586 482 3627 :

417 3725 578 3780 Scommate
593 3724 720 3796 milleno,
737 3720 845 3778 salibus
860 3741 975 3794 quoque
990 3722 1072 3779 labra
1085 3720 1229 3792 fluebant3

456 3821 613 3878 Promebes
626 3822 717 3893 gratis
731 3821 908 3876 seria'mixts
917 3821 1005 3890 jocis.

284 4111 305 4161 t.
322 4109 444 4160 Alterum
459 4101 643 4174 χρονογράμμα
657 4109 743 4160 nostri
762 4108 790 4158 in
803 4107 866 4158 Vite
880 4108 979 4158 Renoti
993 4122 1009 4158 a
1023 4107 1127 4159 Joanne
1143 4106 1252 4170 Aloysio
1268 4107 1370 4172 scripte
1384 4106 1420 4157 le·

252 4182 333 4246 gitur,
349 4181 421 4246 quod
436 4195 518 4245 supre
532 4181 647 4231 relatum
662 4183 712 4230 est.
889 4236 895 4254 ‚

283 4247 368 4303 Nimis
388 4257 480 4312 acute,⁴
498 4267 532 4302 ne
552 4253 640 4303 dicam
659 4253 786 4317 ingenue,
802 4251 867 4301 alios
883 4242 1134 4313 αναγραμματίσμους
1149 4250 1177 4298 in
1193 4249 1332 4298 lt'ouceidc
1348 4248 1420 4297 inda·

253 4325 325 4388 gavit
344 4330 372 4374 et
386 4324 513 4374 odoratus
534 4328 575 4374 est
590 4321 618 4372 F.
640 4322 739 4373 Schiitz
760 4322 830 4386 (vide
851 4321 955 4385 praelat.
980 4320 1029 4369 Ed.
1049 4319 1116 4379 1840,
1138 4333 1163 4382 p.
1183 4318 1353 4383 nxxv1.sq.),
1375 4319 1422 4367 tali

253 4396 356 4445 ratione
377 4399 415 4456 ut,
436 4395 459 4443 si
474 4395 534 4459 quis
550 4393 697 4456 cujuslibet
711 4407 806 4444 versus
820 4392 923 4442 litteras
936 4390 1055 4453 singulas
1071 4393 1215 4454 excerptos
1230 4390 1264 4439 ad
1279 4389 1421 4439 arbitrium

254 4480 333 4518 suum
353 4470 516 4517 connectere
537 4465 660 4525 voluerit,
683 4466 816 4516 occultam
836 4464 873 4516 ibi
891 4461 1115 4526 significationem
1134 4461 1206 4511 haud
1227 4462 1308 4512 dubie
1324 4461 1420 4525 depre-

253 4539 389 4589 hensurus
404 4538 446 4587 sit.
