3306 5468
693 601 738 613 ..-
760 561 799 631 81
827 601 872 613 ,-

238 703 346 772 Narra,
359 703 415 771 VI,
434 719 462 760 v,
479 702 561 760 845:

412 801 484 857 Inde
497 800 686 875 triumphales
697 802 867 876 jaculantur
881 802 1009 872 compita
1023 800 1162 870 flammas,

412 899 485 969 Igne
499 898 597 968 polum
612 897 746 967 feriente,
762 899 926 969 timensque
939 897 1076 952 incendia
1089 895 1191 950 eaelum

413 994 529 1066 Objeeit
543 995 648 1065 gelidae
664 997 769 1052 nubem
786 997 861 1051 nivis
876 1002 963 1067 alque
977 995 1107 1066 pruinas.

245 1154 382 1218 Talibus
397 1156 553 1236 ampullis
568 1157 689 1234 gaudet
705 1157 886 1238 nostervel
901 1157 1055 1237 quaesitis
1071 1164 1103 1221 et
1120 1155 1261 1234 turgidis
1278 1173 1370 1224 roca-

199 1261 288 1323 bulis
305 1261 354 1323 vel
368 1263 501 1339 frigidis
517 1263 675 1343 loquendi
694 1264 904 1325 circuitibus.

239 1429 477 1497 cf.11,v,119:
498 1475 506 1490 .
528 1476 535 1489 .
558 1476 564 1487 .
587 1476 593 1488 .
615 1433 803 1504 mulgentque
818 1452 958 1492 cruorem.

239 1528 292 1596 IV,
312 1548 340 1584 v.
363 1529 438 1583 317:
460 1573 467 1587 .
489 1571 496 1584 .
519 1577 525 1589 ,
546 1530 626 1584 rabie
640 1537 674 1584 ut
687 1529 769 1586 vivos
783 1529 927 1602 deglutiat
938 1531 1047 1588 hostes.

239 1627 265 1683 V
267 1627 292 1696 l,
313 1644 340 1684 v.
364 1626 418 1680 10:
435 1625 584 1698 Sanguine
599 1628 649 1683 sed
662 1633 754 1683 terras
770 1627 968 1700 Lothoringus
981 1627 1106 1684 inebriet
1119 1629 1208 1684 ensis.

244 1789 412 1851 Vocantur
434 1806 544 1868 vacca,
572 1799 733 1851 taurorum
756 1809 837 1852 naor
861 1788 934 1874 (IV,
963 1786 1053 1874 198),
1082 1801 1192 1854 taurus
1215 1801 1247 1853 et
1269 1792 1366 1873 aries,

197 1898 356 1974 portitores
369 1896 502 1973 Europes
519 1906 544 1955 et
558 1897 657 1956 Helles
675 1891 749 1978 (lv,
767 1893 857 1979 127),
874 1905 935 1959 etc.

244 2000 393 2077 Longius
423 2009 454 2062 et
481 2018 614 2079 prorsus
639 2020 919 2080 supervacaneum
940 2014 1027 2066 esset
1051 2004 1118 2066 alia
1143 2004 1251 2066 furata
1274 2020 1368 2065 orna-

200 2116 322 2187 menta,
347 2105 541 2188 argutiolas,
559 2108 721 2170 antitheta
746 2112 898 2189 persequi
913 2128 972 2189 per
999 2119 1101 2172 totum
1132 2128 1214 2189 opus
1244 2127 1366 2188 sparsa.

201 2213 327 2276 Sanum
347 2214 514 2295 judicium
540 2221 571 2276 et
595 2214 730 2276 modum
752 2223 783 2276 et
807 2214 1030 2278 urbanitatem
1050 2217 1148 2279 Petro
1169 2217 1290 2296 saepius
1313 2217 1369 2278 de-

200 2321 303 2382 fuisse
320 2322 400 2383 satis
411 2321 656 2401 comprobatum
672 2340 744 2384 esse
759 2323 911 2385 arbitror.
1306 2313 1309 2318 ’

247 2427 322 2489 Non
338 2436 449 2489 tamen
465 2429 505 2488 de
521 2447 558 2491 eo
575 2429 757 2491 existimari
771 2437 889 2510 potest,
906 2429 974 2490 nisi
995 2437 1144 2508 respectu
1163 2427 1277 2489 habito
1292 2435 1367 2488 aeta·

199 2532 242 2594 tis
257 2533 294 2594 in
317 2551 381 2612 qua
400 2533 493 2595 visit.
511 2534 580 2597 Hac
596 2537 686 2596 enim
707 2543 815 2616 aetale,
833 2546 908 2597 cum
930 2533 964 2596 iu
981 2535 1091 2597 Gallia
1109 2551 1226 2596 aurora
1241 2541 1368 2595 tantum

199 2641 282 2702 sexti
293 2639 414 2702 decimi
426 2640 521 2703 illius
538 2642 653 2703 saeculi
663 2641 792 2704 litteras
802 2643 991 2704 renovaturi
1001 2640 1222 2721 illucesceret,
1241 2647 1367 2702 constat

199 2747 271 2807 sine
291 2745 360 2808 ullo
382 2746 513 2808 delectu
528 2764 547 2808 a
559 2749 669 2826 poetis
687 2765 795 2810 aureae
817 2755 849 2810 et
870 2755 1033 2824 argenteae
1052 2747 1105 2808 vel
1127 2747 1316 2808 christianae
1336 2754 1368 2808 et

198 2853 322 2914 infimae
347 2853 523 2915 latinitatis
550 2854 725 2933 scriptores
754 2855 790 2915 in
818 2853 1006 2933 exemplum
1033 2860 1219 2932 assumptos
1248 2853 1365 2913 fuisse.

200 2959 308 3033 erare
329 2960 448 3023 merito
472 2961 738 3023 animadversum
763 2960 828 3022 est¹
845 2960 1063 3024 recentiorem
1083 2959 1221 3022 latinam
1240 2960 1367 3040 poesim

198 3083 262 3144 quo
278 3066 376 3128 modo
395 3075 490 3129 vetus
512 3067 614 3129 finem
635 3067 757 3129 lecerat
780 3068 895 3129 eodem
918 3065 1094 3149 incepisse,
1114 3067 1160 3128 ita
1173 3074 1209 3131 ut
1225 3064 1279 3127 illi
1295 3059 1366 3128 lllli

201 3173 315 3235 saeculi
338 3182 441 3253 poetes
462 3169 622 3256 Ausonii,
652 3173 783 3245 Sidonii
808 3173 1026 3255 Apollinaris,
1049 3172 1238 3255 Fortunati,
1262 3173 1366 3235 sancti

198 3279 302 3360 Aviti,
329 3282 431 3342 sancti
457 3281 553 3343 Pauli
582 3280 723 3361 Nolani,
750 3297 817 3342 non
845 3289 956 3341 autem
979 3279 1118 3357 Virgilii
1155 3288 1211 3342 aut
1239 3279 1367 3340 Lucani

198 3404 385 3451 sermonem
409 3398 439 3449 et
463 3387 595 3449 dicendi
619 3387 759 3449 formam
785 3387 971 3449 retulerint.
992 3370 1076 3448 Fere
1100 3405 1215 3448 omnes
1244 3387 1366 3447 iisdem

198 3493 336 3555 insulsis
356 3495 487 3556 facetiis
510 3493 684 3569 indulgent
703 3512 784 3573 quas
803 3495 839 3555 in
858 3495 1008 3557 Noneetde
1026 3480 1312 3573 reprehendimus,
1335 3502 1367 3554 et

197 3600 383 3663 litterarum
401 3602 614 3680 mutationes,
634 3600 887 3681 parastichides,
903 3600 1078 3677 aenigmata
1099 3599 1273 3680 pueriliter
1289 3616 1364 3661 con·

198 3716 377 3770 sectantur.
396 3707 433 3769 Si
449 3707 579 3786 quando
590 3706 719 3786 aliquid
734 3707 820 3786 apud
835 3725 890 3768 eos
906 3717 1044 3768 venuste
1059 3714 1115 3768 aut
1130 3706 1258 3784 poetice
1273 3723 1365 3767 exco-

197 3813 336 3890 gitatum
352 3820 413 3894 est,
432 3830 488 3890 pro
504 3820 591 3874 certo
608 3811 731 3873 habeas
746 3812 838 3875 brevi
852 3812 987 3875 modum
1002 3829 1215 3877 excessurum
1231 3830 1303 3872 esse
1318 3812 1365 3873 lo·

197 3938 272 3981 cum
282 3919 451 3996 eleganter
462 3919 653 3980 inchoatum
667 3918 720 3979 vel
735 3920 857 3979 rustica
868 3919 1069 3981 scurrilitate
1080 3918 1292 3997 inquinatum
1308 3918 1363 3978 iri.

242 4026 379 4088 Petrum
393 4034 502 4088 autem
517 4025 681 4088 decuisset
698 4024 899 4103 exemplaria
912 4025 1041 4104 Latina,
1057 4043 1098 4086 ne
1116 4023 1223 4085 dicam
1236 4022 1363 4097 Graeca,

197 4133 303 4210 magis
314 4133 447 4194 assidua
461 4149 714 4212 manuversare,
726 4132 847 4211 quippe
863 4131 920 4210 qui
932 4131 1100 4192 interdum
1110 4149 1144 4192 se
1154 4148 1220 4191 non
1232 4130 1366 4192 omniuo

197 4241 330 4301 AErreirlis
354 4247 409 4300 aut
431 4241 596 4301 Pharsaliae
616 4240 767 4317 ignarum
785 4238 977 4301 ostenderit.
1004 4238 1100 4300 Libet
1113 4255 1269 4318 ‚qurerere
1293 4254 1365 4315 quae

233 4553 251 4604 l.
268 4553 301 4602 Α.
318 4551 449 4611 Schmidt,
464 4565 508 4615 op.
524 4554 580 4615 cit,
596 4557 614 4600 t.
630 4551 652 4610 l,
667 4565 693 4616 p.
710 4562 790 4599 xxru.

302 4662 334 4693 DE
348 4662 472 4694 buretro!
