3306 5468
739 557 917 625 -γμα

541 701 707 772 Suscipiunt
720 703 804 758 terris
818 710 897 758 certo
912 705 1103 760 Burrensibns
1118 721 1192 773 aevo,
1218 732 1221 737 ,

539 798 596 855 Sed
610 800 686 871 regis
700 806 766 872 post
780 801 867 856 funus
883 802 941 870 avi,
958 820 1002 874 sq.

290 975 455 1041 Zodiacus
466 977 513 1039 ita
528 978 656 1056 spirans
672 978 878 1059 loquensque
893 978 1063 1040 inducitur
1084 978 1143 1058 qui
1156 979 1268 1040 futura
1282 987 1415 1058 porten-

247 1081 312 1145 dat.
332 1081 437 1165 Bella,
455 1083 574 1145 horida
588 1083 679 1146 bella
693 1084 843 1162 praecinit
859 1084 1016 1164 Scorpio:

283 1251 390 1320 Naue„
407 1252 432 1321 Ι,
446 1269 475 1310 v.
494 1251 577 1306 562:
600 1294 607 1309 .
635 1296 641 1308 .
667 1297 673 1309 .
701 1295 709 1309 .
733 1296 740 1310 .
760 1252 826 1308 Mox
842 1252 937 1307 Librae
954 1253 1037 1324 signa
1050 1253 1219 1324 relinquens

536 1346 685 1403 Crastinus
699 1350 818 1407 intravit
832 1350 875 1404 sol
891 1349 1031 1421 Scorpion
1045 1367 1125 1405 arma
1138 1356 1302 1405 moventem

536 1445 591 1502 Vel
603 1463 689 1505 nova.
705 1447 779 1503 Nam
795 1447 894 1502 caudae
911 1447 1027 1502 stimulo
1042 1454 1137 1502 movet
1151 1447 1202 1501 iiia
1214 1452 1344 1505 retortae.

288 1623 383 1684 Alias
403 1639 533 1702 quoque
557 1640 668 1684 rerum
686 1622 873 1685 futurarum
892 1621 1163 1705 significationes
1191 1624 1233 1685 de
1255 1625 1413 1686 carminis
1473 1704 1476 1708 Δ

246 1729 330 1811 epici
356 1747 461 1810 more,
479 1730 517 1790 in
539 1729 692 1792 Nonae-ide
713 1729 864 1790 invenire
885 1738 947 1792 est.
970 1729 1064 1791 Mitto
1079 1729 1206 1791 incerta
1219 1716 1257 1791 >et
1275 1726 1414 1793 obscura

244 1837 382 1912 auguria
396 1834 440 1918 (Ι,
459 1832 520 1897 197
535 1855 544 1916 3
561 1833 621 1916 IV,
637 1831 730 1917 330).
748 1834 952 1914 Importunis
967 1836 1082 1897 avibus
1098 1834 1303 1918 plerumque,
1318 1854 1414 1900 corvo

244 1950 276 2004 et
288 1942 490 2024 buboni,aut
504 1941 660 2003 flebiliter
667 1940 875 2003 ululantibus
884 1941 1019 2003 canibus
1030 1941 1260 2004 minitantiaet
1269 1941 1415 2004 infausta

244 2049 394 2125 auspicia
409 2049 613 2111 tribuuntur.

283 2214 320 2282 V,
336 2231 365 2272 v.
382 2213 442 2268 440
457 2231 501 2284 sq.
517 2232 524 2268 ε
544 2211 654 2269 Corvus
669 2219 700 2268 at
714 2230 729 2267 e
745 2212 847 2268 castris
860 2219 931 2268 tuuc
946 2219 988 2267 est
1004 2212 1158 2267 maledicta
1172 2213 1288 2269 locutus

537 2310 644 2380 Verba,
661 2327 732 2366 cavo
748 2326 859 2365 crassas
873 2315 992 2364 ructans
1006 2327 1023 2364 a
1037 2315 1154 2380 gutture
1170 2327 1267 2379 voces,

536 2407 752 2479 Praecinrritque
766 2407 836 2463 viris
851 2414 975 2477 stragem
992 2407 1185 2461 castrensibus
1189 2450 1293 2468 ......

535 2502 687 2574 Approbat
701 2503 802 2558 infami
816 2503 965 2574 plumosus
980 2520 1099 2573 corpore
1114 2501 1191 2558 bubo

536 2598 623 2654 Corvi
637 2600 727 2655 verba
740 2600 827 2671 senis,
843 2599 963 2670 Pyrrhae
978 2616 1093 2670 quoque
1107 2605 1236 2670 temporo
1251 2602 1324 2671 nati,

535 2696 574 2751 Et
588 2695 685 2751 vicina
698 2697 780 2767 gravi
794 2695 925 2767 praedixit
938 2695 1042 2751 funera
1056 2703 1156 2767 cantu,
1173 2713 1217 2767 sq.

286 2874 560 2938 Terribilioribus
591 2876 692 2938 etiam
707 2876 890 2958 praesagiis,
908 2881 1004 2938 nocto
1029 2893 1188 2954 ecquam
1220 2894 1411 2956 supremum

242 2983 395 3061 praelium
415 2984 646 3048 insecutorum
671 2993 753 3065 crat,
773 3001 931 3062 maguum
946 2982 1075 3062 aliquid
1091 2984 1219 3046 cunctis
1240 2985 1411 3064 praesigni-

241 3090 357 3154 ficatur
370 3111 378 3153 ε

280 3261 334 3333 VI,
351 3278 378 3317 v.
399 3261 456 3316 220
471 3279 515 3332 sq.
534 3279 541 3318 ε
558 3261 651 3317 Nocte
668 3261 743 3315 diem
756 3261 867 3315 interea
881 3261 1035 3315 summovit
1047 3259 1203 3332 Vesperus,
1220 3260 1323 3315 umbra

560 3359 743 3414 Horrendum
757 3358 888 3430 tingente
902 3357 1012 3429 polum,
1026 3358 1159 3428 lucisque
1173 3357 1284 3412 colores

559 3455 701 3510 Exstincti
713 3455 832 3526 fugiunt
847 3455 957 3526 oculos,
974 3463 1003 3509 et
1017 3454 1128 3524 turpior
1143 3459 1205 3508 otro

560 3553 624 3609 Nor
638 3553 693 3608 fuit
706 3552 769 3608 haec
785 3551 872 3617 Orco,
888 3569 943 3607 nec
958 3551 1049 3606 sidere
1063 3552 1184 3622 praedita
1200 3551 1315 3622 quovis,

559 3648 758 3720 Humanisque
773 3650 879 3704 malum
892 3649 1067 3718 portendens
1084 3649 1193 3704 visibus
1207 3654 1295 3719 utque

558 3746 715 3816 Mentibus,
731 3747 811 3801 haud
824 3747 968 3801 modicum
984 3765 1014 3801 se
1028 3747 1139 3802 fecerat
1151 3747 1208 3802 isto
1221 3749 1388 3806 timendam.

557 3843 615 3898 Hic
630 3844 758 3898 ululasse
771 3845 855 3914 lupos
871 3842 1008 3913 tenebris,
1026 3843 1151 3898 ululasse
1167 3843 1303 3914 profanas

558 3939 616 3995 Hic
630 3944 659 3994 et
672 3956 740 3993 aves
756 3945 926 3995 memorant.
943 3938 1064 4003 Quodsi
1079 3938 1123 3993 fas
1138 3940 1253 3994 credere
1269 3956 1356 3993 seusu

559 4034 709 4105 Turbatis,
726 4037 817 4091 multa
831 4036 879 4090 hic
893 4053 987 4090 rerum
1002 4036 1156 4090 simulacra
1170 4035 1309 4099 malarum

558 4134 631 4190 Visa
646 4133 699 4188 sub
715 4133 846 4188 obscurae
860 4133 939 4188 dices
954 4133 1078 4204 caligine
1092 4133 1198 4200 noctis,
1216 4148 1261 4201 sq.

284 4311 377 4375 Licet
391 4310 554 4391 suspicari
572 4312 610 4372 in
626 4311 680 4391 iis,
697 4311 849 4390 quamvis
869 4309 961 4372 duris
976 4309 1127 4371 versibus
1149 4318 1180 4371 et
1205 4309 1408 4387 confragosis

238 4418 376 4497 Virgilii
398 4426 455 4480 aut
476 4418 600 4480 Lucani
620 4417 757 4479 Petrum
777 4416 985 4478 meminisse.
1005 4416 1170 4496 Attamen,
1188 4423 1223 4476 ut
1237 4417 1406 4496 presbytc-

238 4544 313 4587 rum
332 4526 477 4608 decebat,
496 4525 549 4586 his
572 4525 741 4588 ominibus
761 4533 873 4586 noster
895 4525 995 4586 tidem
1009 4541 1077 4586 non
1092 4523 1256 4605 adjungit,
1279 4531 1311 4586 et
1337 4524 1408 4603 ipse
