3306 5468
720 553 896 622 -pp..

270 699 347 760 Alia
365 715 507 780 quoquc,
524 699 582 759 sed
601 699 740 761 minoris
760 700 929 781 ponderis,
947 717 1007 762 nos
1022 701 1058 764 in
1079 701 1220 781 epitoma
1239 720 1300 764 sua
1323 719 1400 763 mo-

225 806 297 866 nuit
312 805 431 867 Petrus
451 805 491 866 de
512 805 610 867 Blaro
632 806 729 868 Rivo.
750 807 850 882 AEgre
869 809 1018 869 ferebant
1039 808 1211 884 Burgundi
1231 827 1265 870 se
1286 809 1327 869 ab
1344 809 1399 869 in·

225 912 333 990 firmo,
353 917 388 971 ut
404 911 547 991 aiebant,
566 919 598 972 et
620 911 672 972 vix
695 911 918 974 adulescentia
934 930 1066 990 egresso
1080 913 1229 993 principe
1246 913 1399 976 devictos

228 1034 299 1077 esse
323 1026 354 1079 ct
367 1017 516 1096 ipsorum
536 1016 639 1078 cladis
662 1017 803 1094 gloriam
825 1036 843 1078 a
868 1019 1043 1081 Germanis
1064 1019 1227 1081 vindicari
1247 1020 1398 1097 aequiore

226 1122 336 1182 animo
351 1122 558 1200 patiebantur
577 1141 584 1182 :
603 1148 617 1177 α
638 1122 677 1183 Et
688 1124 759 1202 jam
775 1124 918 1201 prolecto
933 1124 1070 1203 victum,
1087 1124 1198 1185 fusum
1211 1123 1397 1186 delectum-

230 1253 244 1280 «
261 1244 324 1306 que
356 1226 503 1290 Senones
532 1229 675 1289 latentur
700 1227 874 1308 Carolum,
900 1230 958 1290 sed
982 1237 1149 1291 auctorem
1174 1240 1238 1290 tam
1261 1231 1396 1290 streuui

228 1358 243 1386 ‹
261 1334 417 1394 facinoris
431 1333 582 1395 confiteri
596 1333 821 1414 dissimulant,
839 1334 925 1395 hanc
946 1332 1121 1396 Germanis
1137 1335 1319 1416 victoriam,
1336 1354 1397 1396 su-

228 1464 242 1490 «
261 1438 348 1500 blato
364 1440 499 1502 victoris
517 1440 664 1519 nomine,
680 1441 859 1519 patientius
878 1442 1091 1502 ascribentes.
1114 1442 1166 1503 Ab
1185 1442 1311 1503 Renato
1331 1441 1395 1503 ita·

228 1568 241 1595 «
259 1563 323 1622 que
344 1545 433 1606 huuc
454 1547 579 1606 victum
599 1553 789 1627 pernegant,
809 1547 864 1607 sed
884 1549 923 1608 ab
945 1547 1163 1610 auxiliaribus
1185 1548 1288 1627 copiis
1310 1565 1396 1625 quas

227 1675 242 1703 ‹
261 1651 419 1712 obaeratas
434 1659 490 1712 aut
505 1652 627 1727 foedere
639 1652 764 1712 vinctas
776 1652 996 1732 Letharingus
1007 1654 1112 1715 victor
1120 1662 1324 1716 contraxerat
1336 1653 1360 1715 ¹.
1375 1675 1392 1707 ’»

226 1756 320 1828 Quod
334 1772 432 1833 quam
456 1764 576 1818 temere
598 1775 633 1817 ac
658 1757 741 1819 salso
763 1758 937 1834 Burgundi
952 1760 1183 1821 contenderint
1205 1777 1279 1822 cum
1302 1760 1393 1821 indi·

225 1860 378 1937 gnatione
393 1862 533 1938 quadam
547 1863 759 1924 manifestum
775 1864 854 1926 facit
869 1874 982 1926 noster
996 1883 1117 1944 eosque
1133 1866 1178 1926 ita
1197 1865 1366 1942 redarguit
1384 1885 1393 1926 :

228 1993 242 2021 «
260 1968 431 2047 ineptiunt
447 1988 524 2031 sane
540 1970 597 2049 qui
613 1970 714 2050 capiti
731 1970 863 2033 laudem
886 1980 1074 2053 secernunt,
1093 1991 1189 2051 quam
1206 1974 1288 2035 solis
1305 1981 1394 2034 artu-

229 2099 243 2127 «
260 2076 320 2136 bus
332 2074 545 2156 distribuant,
559 2075 607 2137 nil
623 2075 715 2139 aliud
729 2079 873 2157 quamin
891 2067 992 2140 ariete
1009 2079 1163 2158 quintum
1180 2079 1395 2158 quaeritautes

229 2207 243 2234 «
261 2180 469 2259 vestigium².
488 2205 502 2234 »

270 2285 310 2346 Iu
326 2289 397 2365 ipso
411 2305 541 2367 quoque
558 2297 705 2365 poemate
721 2288 884 2350 invidiam
902 2307 1016 2351 eorum
1031 2290 1187 2352 amolitur
1201 2291 1322 2369 quibus
1343 2290 1395 2349 ni-

226 2394 290 2454 mis
306 2392 463 2454 extulisse
480 2394 601 2455 Renati
618 2394 760 2472 gloriam
775 2394 866 2455 visus
882 2403 930 2456 est
948 2415 955 2456 :
988 2439 993 2450 .

407 2611 596 2628 ..........
617 2571 707 2626 Ducis
722 2587 785 2625 mea
796 2555 920 2627 fortibus
933 2571 993 2626 otia
1008 2571 1097 2642 gestis

386 2667 722 2759 ·AEquavi,·quanquam
736 2669 806 2724 laeso
822 2670 1002 2724 damnandus
1017 2671 1053 2724 ab
1068 2671 1157 2730 omni.

346 2754 349 2759 ¹
405 2765 509 2820 Nullus
523 2765 598 2819 enim
613 2766 765 2820 historicos
774 2765 864 2835 judex
879 2765 950 2836 legit
966 2784 1078 2836 aequus,
1096 2766 1133 2820 ob
1148 2784 1227 2821 arma

406 2861 574 2931 Suspectus.
592 2863 663 2927 Quae
678 2880 730 2916 nos
745 2861 976 2918 offenduntvera
991 2881 1141 2935 negamus.

406 2960 425 3014 J
428 2966 524 3013 uratos
540 2960 628 3029 igitur
641 2965 729 3014 testes
743 2977 808 3013 cum
819 2959 918 3028 judice
932 2977 1015 3014 musa

406 3055 539 3124 Spernito
553 3057 695 3125 Naccaz'dc'
706 3073 778 3126 quos
792 3044 897 3111 nostrae
914 3057 1034 3127 conjicis
1048 3056 1145 3112 hostes
1158 3059 1179 3116 ³.

271 3227 316 3290 Ut
331 3226 518 3306 supradicta
533 3226 645 3306 paucis
662 3226 830 3307 colligam,
847 3227 979 3288 credere
994 3226 1072 3288 licet
1085 3227 1148 3290 hoc
1165 3228 1273 3308 ipsum
1293 3228 1395 3290 obsti-

228 3334 307 3395 tisse
330 3334 506 3411 quominus
536 3334 667 3394 Nuttcet'o
698 3334 861 3394 maturius
889 3334 1042 3395 ederetur
1064 3335 1152 3413 quod
1175 3335 1223 3395 ibi
1244 3336 1395 3397 veritatis

229 3440 373 3516 diligens
393 3439 510 3500 Petrus
525 3439 564 3499 de
581 3437 680 3500 Blaro
705 3439 790 3500 Rivo
811 3440 940 3500 sincera
960 3440 1043 3519 fide,
1061 3457 1135 3501 cum
1160 3439 1318 3502 Ludovici
1343 3441 1395 3501 XI

228 3546 383 3606 astutiam
400 3544 704 3625 crudelitatemque,
728 3554 798 3605 tum
814 3545 935 3605 Renati
949 3546 1106 3607 virtutem
1128 3553 1158 3606 et
1178 3546 1396 3624 pertinaciam

230 3662 443 3733 expresserat,
460 3655 576 3714 ducem
593 3670 658 3713 non
672 3673 787 3732 passus
803 3654 952 3732 legitima
968 3672 1027 3714 sua
1042 3653 1141 3716 laude
1156 3655 1314 3716 fraudari,
1327 3653 1397 3716 Sed

230 3778 305 3822 cum
320 3760 488 3821 veritatem
503 3760 608 3838 ipsam
624 3761 691 3835 tegi
708 3777 744 3820 ac
760 3760 977 3841 dissimulari,
997 3760 1025 3821 si
1049 3763 1131 3822 ratio
1153 3760 1308 3840 temporis
1320 3776 1395 3838 pos-

230 3867 324 3948 tulet,
345 3866 506 3947 expediat,
524 3884 540 3927 e
556 3866 691 3927 latebris
710 3874 837 3927 tantum
855 3867 999 3945 prodibit
1019 3868 1162 3944 Narrate,
1179 3885 1253 3928 cum
1274 3873 1394 3945 pacatae

230 3983 262 4034 et
283 3973 472 4050 compositae
498 3973 567 4033 lere
591 3990 704 4033 omnes
726 3971 802 4033 lites
824 3973 1034 4034 videbuntur.
1060 3972 1135 4034 Jam
1155 3992 1243 4055 vero,
1262 3990 1336 4034 cum
1358 3973 1395 4033 in

230 4097 315 4141 anno
340 4078 439 4140 MDX
462 4079 627 4140 Antonius
651 4077 800 4140 Philesio
823 4079 1051 4141 excudendum
1073 4098 1190 4158 poema
1212 4079 1391 4161 commisit,

231 4278 442 4286 ..Μ-

265 4403 285 4452 l.
302 4402 332 4451 P.
348 4415 421 4461 xxiv,
437 4402 546 4452 Schiitz.

262 4474 286 4523 2.
302 4472 333 4521 P.
347 4485 421 4532 xxm,
437 4473 546 4524 Schiitz.

263 4545 286 4594 3.
300 4547 395 4605 abac,
410 4545 456 4604 Vl,
472 4560 497 4595 v.
517 4547 573 4596 1288
588 4559 629 4610 sq.
