3306 5468
719 520 894 589 -bt—
991 581 995 589 .

216 669 409 746 heuteprato
429 666 613 727 admittitur
631 667 667 726 in
689 668 821 748 urbem,
846 669 941 747 cujus
963 665 1019 727 hic
1038 673 1125 726 certe
1149 667 1352 727 clementem
1370 677 1406 728 et

220 791 353 851 aequum
363 781 522 834 rectorem
536 791 571 834 se
582 773 789 851 praestiterat.
806 772 934 834 Gaudio
950 772 1152 834 exsultantes
1163 771 1285 834 ducem
1298 791 1403 834 suum

223 880 447 941 Nanceieuses
461 880 641 957 excipiunt.
660 878 789 952 Quanto
810 897 885 941 vero
906 880 1018 941 furore
1034 879 1214 941 exardescit
1230 877 1400 942 Carolus!

224 987 331 1063 Negat
350 986 410 1047 ille
433 1004 468 1048 se
490 987 557 1048 vita
578 987 717 1063 dignum
738 987 894 1064 quamdiu
914 987 1035 1047 vixerit
1050 987 1210 1066 Renatus,
1228 987 1399 1066 novisque

224 1095 417 1173 conscriptis
428 1095 545 1174 copiis,
562 1094 597 1154 in
608 1093 858 1170 Lotharingiam
868 1112 982 1154 rursus
992 1093 1158 1172 irrumpit,
1171 1093 1259 1154 uude
1271 1093 1398 1155 iterum

223 1218 352 1280 quoque
367 1201 526 1280 Renatus,
541 1202 621 1278 quid
643 1201 727 1262 absit
747 1201 870 1261 virium
891 1201 1053 1280 conscius,
1074 1199 1243 1261 discedere
1260 1202 1395 1282 statuit,

223 1306 371 1368 Nauceio
386 1307 478 1384 prius
492 1308 619 1367 firmato
633 1305 813 1384 praesidiis.

224 1501 296 1562 Iun.
316 1501 383 1563 Ill.
399 1535 442 1546 —
456 1502 623 1564 Nouariam
644 1503 739 1562 deitato
760 1521 779 1561 o
799 1501 905 1562 Carula
923 1501 1089 1561 obsidetur.
1108 1500 1260 1576 Sttffrortis
1275 1502 1397 1578 suppli·
1417 1494 1419 1499 ’

403 1611 496 1668 ciart.
513 1610 644 1668 Renatus
659 1608 807 1668 Heluetios
822 1617 848 1667 et
864 1608 1025 1667 Germanos
1043 1607 1217 1667 conscribit.
1311 1628 1312 1632 ¹

269 1785 543 1847 Duodevicesimo
569 1782 721 1845 Octobris
744 1784 810 1863 die,
839 1782 977 1845 Carolus
1006 1784 1178 1846 obsidione
1210 1783 1400 1846 Nauceium

226 1892 359 1969 cingere
381 1891 509 1974 incipit,
531 1891 680 1972 perjurae,
703 1899 740 1951 ut
760 1891 878 1971 aiebat,
900 1890 1025 1952 civitati
1048 1890 1214 1953 excidium
1235 1876 1395 1972 minatus,

226 1999 426 2078 milibusque
445 1996 595 2059 consiliis
614 2015 710 2058 aures
735 1996 953 2075 implacabilis
970 1995 1127 2058 occludit.
1157 1996 1232 2057 Mox
1252 2005 1397 2059 tormen·

226 2112 335 2166 torum
351 2105 471 2166 tonitru
488 2105 598 2165 reboat
619 2105 749 2184 caelnm,
767 2105 933 2182 utrimque
955 2111 1051 2164 nocte
1065 2103 1186 2182 dieque
1208 2102 1397 2165 volantibus

226 2211 404 2272 incendiis.
422 2211 510 2272 Hinc
525 2228 581 2288 pro
597 2209 747 2271 libertate
761 2211 888 2272 sortiter
899 2209 1123 2271 Nanceienses
1134 2209 1303 2286 resistunt,
1317 2226 1397 2289 quo·

227 2333 300 2375 rum
327 2316 442 2376 domus
465 2315 504 2375 ab
524 2315 601 2390 igue
620 2316 696 2375 nive
718 2315 958 2394 defenduntur,
983 2314 1078 2377 illinc
1104 2316 1188 2376 mira
1213 2315 1399 2376 constantia

228 2421 346 2482 atrocis
368 2421 491 2482 hiemis
514 2421 676 2482 saevitiam
695 2421 806 2482 ierunt
831 2421 1017 2500 Burgundi.
1039 2423 1169 2484 luterea
1188 2421 1316 2502 aliquot
1334 2421 1398 2483 Lo·

231 2526 377 2604 th'aringi
395 2526 524 2589 nobiles
545 2527 730 2588 Nanceium
749 2535 850 2590 noctu
870 2529 1023 2611 subeunt,
1042 2529 1082 2590 de
1102 2529 1227 2590 Renato
1242 2528 1399 2590 nuntium

232 2634 419 2715 afferentes,
438 2653 576 2713 quorum
593 2635 687 2714 pauci
707 2643 818 2697 tamen
838 2635 877 2696 ah
897 2635 1049 2698 hostibus
1066 2636 1164 2713 capti.
1182 2636 1306 2697 Eorum
1322 2635 1401 2697 duc·
1420 2715 1422 2723 X

234 2746 283 2799 tor
298 2737 433 2800 Suffron
449 2738 560 2801 Caroli
574 2740 669 2818 jussu
687 2740 737 2800 ira
758 2742 968 2803 exaestuantis
985 2741 1164 2820 suspendio
1180 2739 1398 2822 interimitur,

232 2845 382 2923 quamvis
397 2845 501 2907 effuse
517 2864 575 2924 pro
586 2864 624 2906 eo
635 2847 892 2922 ignominiosam
903 2842 1040 2910 mortem
1052 2847 1217 2927 deprecati
1232 2847 1299 2908 siut
1315 2846 1400 2907 Bur-

233 2952 336 3027 gundi
360 2969 521 3030 proceres.
544 2951 646 3031 Cujus
670 2953 871 3032 supplicium
894 2972 1030 3032 propere
1054 2954 1277 3016 Nauceienses
1296 2953 1400 3016 ulcis-

233 3066 364 3137 cuntur,
381 3058 528 3137 patibulo
544 3059 649 3119 affixis
665 3059 854 3136 Burgundis
870 3077 952 3138 quos
968 3059 1110 3138 captivos
1127 3059 1293 3121 tenebant.
1310 3058 1401 3120 Dum

231 3163 304 3225 haeo
332 3164 393 3227 suh
421 3165 513 3227 urbis
542 3165 706 3227 rnoenibus
734 3174 903 3246 geruntur,
933 3166 1082 3227 Renatus
1112 3166 1199 3245 apud
1227 3164 1401 3226 Helvetios

233 3271 338 3331 amice
353 3280 517 3352 exceptuS,
536 3289 610 3334 cum
631 3273 674 3332 iis
696 3278 727 3332 et
747 3290 822 3333 cum
841 3271 1016 3356 Germanis
1032 3271 1143 3332 Rheni
1158 3272 1279 3333 accolis
1295 3271 1402 3332 socie·

234 3381 299 3436 tate
320 3377 447 3457 juncta,
473 3378 551 3439 inde
576 3376 701 3438 milites
727 3395 843 3454 cogere
868 3377 1014 3438 festinat.
1042 3376 1130 3438 Malo
1155 3384 1266 3438 tamen
1288 3376 1401 3437 omine

235 3486 397 3545 exercitus
412 3485 506 3560 signa
521 3485 689 3567 convellit,
706 3503 773 3548 una
787 3485 939 3547 navicula
949 3503 1023 3546 cnm
1035 3485 1115 3546 viris
1127 3486 1186 3564 qui
1197 3484 1403 3546 vehebantur

235 3588 321 3649 inter
335 3590 568 3668 trajiciendum
583 3592 738 3653 Rhenum
755 3593 936 3654 submersa.
961 3591 1027 3653 Sed
1048 3592 1313 3654 commilitonum
1327 3608 1401 3669 per·

234 3696 342 3759 culsos
358 3700 486 3762 animos
505 3701 606 3762 alacri
626 3709 738 3762 mente
759 3703 906 3763 Renatus
928 3703 1035 3763 reficit
1055 3711 1086 3763 et
1106 3702 1147 3763 ad
1161 3705 1271 3764 futura
1285 3700 1403 3781 praelia

234 3806 368 3866 animat.

233 3995 308 4059 Lro.
329 3997 389 4060 IV.
413 4034 457 4043 -
477 4002 590 4061 Litterae
613 4021 632 4061 o
652 4003 890 4064 Nortceiertsibns
913 4004 954 4063 od
979 4004 1123 4062 Hecatam
1136 4005 1248 4065 otissa.
1266 4004 1400 4066 Nuntios

582 4110 710 4168 obsessis
724 4127 807 4186 spem
823 4111 932 4169 solutis
950 4112 1048 4188 nstart.

279 4274 420 4336 Ineunte
441 4283 556 4354 quarto
578 4275 676 4357 libro,
697 4277 809 4356 paucis
829 4294 1003 4338 monemur
1024 4277 1241 4358 Ludovicum,
1260 4277 1401 4338 Franco·

234 4397 309 4440 rum
326 4397 450 4462 regem,
468 4399 534 4442 uon
555 4382 720 4444 immerito
742 4384 850 4444 dubiae
873 4383 953 4444 fidei
973 4385 1099 4446 Renato
1122 4384 1243 4463 visum,
1261 4383 1400 4444 Barreu·

236 4503 305 4546 sem
327 4504 442 4564 agrum
470 4506 658 4568 occupasse.
689 4488 831 4550 Interim
861 4489 1082 4567 Letharingiae
1113 4490 1190 4552 duci
1218 4491 1403 4552 redduntur
