3306 5468
730 576 912 645 *75*

273 714 385 784 ‘Nauc.,
400 715 454 786 vl,
467 735 498 788 v,
514 717 593 774 1243
611 739 617 773 :
635 719 724 790 Ejicit
736 719 876 778 Hebraeos
890 723 979 794 igitur
993 723 1193 796 Lothoringia,
1214 726 1308 781 nullos

518 816 603 872 Tunc
617 819 753 889 retinens,
769 821 826 875 nisi
839 820 889 893 qui
903 838 984 879 sacro
1000 838 1030 876 se
1045 821 1127 877 fonte
1141 823 1268 878 Renctoe

519 911 680 970 Confestim
694 917 833 977 efficiunt.

285 1059 326 1121 ln
340 1061 403 1124 hoc
416 1063 551 1126 nomine
569 1085 578 1127 ι
595 1068 838 1147 Robeurpretum
854 1069 971 1132 eodem
985 1071 1084 1132 modo
1097 1067 1275 1133 cavillatur
1292 1090 1300 1132 ε

248 1246 252 1258 ³
279 1223 333 1293 VI,
348 1243 378 1284 v.
396 1225 452 1281 951
471 1245 479 1280 ε
495 1226 625 1315 Namque
637 1230 738 1284 rubeus
749 1237 862 1300 pratum
876 1229 993 1301 proprio
1009 1230 1053 1287 vir
1067 1229 1209 1300 sanguino
1224 1231 1344 1303 tingens

501 1323 670 1396 Cognomen
683 1327 771 1382 dabat
782 1328 844 1398 ipse
859 1345 953 1397 suum,
968 1332 1142 1398 gentemque
1157 1327 1337 1401 domumque

499 1420 661 1494 Agnosci¹.

284 1566 456 1632 Interdum
473 1579 584 1633 autem
602 1571 639 1633 in
658 1574 757 1634 unius
777 1571 896 1635 litterae
917 1572 1159 1652 significatione
1179 1572 1409 1636 insulsissime

239 1662 446 1757 immoratur,
459 1694 496 1739 ex
505 1695 570 1757 qua
580 1678 817 1740 similitudines
828 1678 1105 1757 frivolisargutiis
1116 1686 1220 1749 tentat
1231 1679 1410 1743 deducere.

286 1781 367 1856 Quae
383 1782 408 1845 C
425 1784 537 1847 littera
550 1786 657 1864 prima
671 1789 771 1849 Caroli
792 1786 938 1848 nominis
964 1793 1069 1868 sonat,
1090 1787 1204 1848 eadem
1219 1803 1279 1847 nos
1299 1795 1412 1848 monet

240 1899 359 1950 reulum
373 1890 470 1950 terris
485 1890 646 1970 imperare
671 1890 928 1969 Burguudorum
951 1891 1069 1953 ducem
1092 1888 1136 1974 (I,
1155 1888 1303 1975 aee-69).
1323 1892 1411 1964 Quid
1482 1886 1484 1890 ’

240 1994 280 2057 de
295 1994 324 2056 R
340 1995 450 2058 littera
465 1996 572 2060 dicam
585 2015 649 2077 qua
662 1998 784 2060 Reuati
800 1998 919 2076 incipit
934 1993 1082 2058 nomen?
1104 1997 1142 2058 Si
1158 1996 1279 2060 Carolo
1295 1998 1411 2060 credas

457 2199 697 2216 ........
720 2157 855 2229 quiddam
871 2163 956 2213 sonat
969 2156 1021 2211 illa
1035 2157 1170 2211 caninum

453 2253 563 2327 Dirti0‚
577 2254 712 2310 litterulis
726 2255 843 2326 ringens
857 2272 875 2309 a
887 2254 984 2310 fronte
998 2240 1164 2326 malignis&
1181 2251 1222 2331 (Ι,
1238 2274 1268 2315 v.
1285 2252 1373 2330 408.)

287 2403 388 2469 Corvi
401 2406 562 2482 crocitum
576 2406 623 2469 ita
637 2405 896 2484 interpretabere
914 2426 922 2468 :

670 2565 735 2622 Vox
748 2565 868 2621 corvina
870 2607 976 2623 ......

560 2662 643 2728 'Quae
658 2681 722 2718 erce
736 2681 800 2718 crea
814 2663 923 2717 dixerat
938 2663 1025 2720 adsis.
1041 2659 1110 2738 (IV,
1125 2681 1155 2721 v.
1172 2660 1333 2739 502-503.)

287 2813 409 2892 Accipe
423 2831 510 2876 nunc
525 2812 743 2893 quorumdam
757 2814 932 2875 nominum
951 2813 1196 2876 enodationem.
1213 2813 1384 2877 Vocantur
1400 2835 1409 2876 ι
1474 2806 1476 2809 ’

242 2918 491 2999 Vespasianus:
514 2920 731 3000 Induperetor
752 2919 877 2982 habens
898 2937 918 2980 a
940 2939 1038 3000 vespa
1060 2938 1193 2983 nomeu.
1213 2921 1275 3002 IV,
1298 2941 1328 2983 v.
1351 2918 1408 3001 80,

244 3028 366 3089 cralton
380 3037 407 3089 et
422 3029 553 3090 deuouit
567 3027 733 3106 cl'rlpuerre
748 3046 759 3086 .·

454 3185 599 3240 Menelaos
613 3189 643 3238 et
655 3184 703 3238 hic
718 3183 766 3238 eui
778 3183 848 3239 fecit
859 3185 958 3256 qratia
973 3201 1090 3254 nomen,

455 3282 573 3339 Scilicet
586 3301 604 3338 a
618 3283 689 3336 bello
702 3281 806 3337 fratres
820 3298 980 3353 cognomen
994 3281 1154 3337 habentes³
1170 3277 1236 3358 (tu,
1251 3300 1279 3338 v.
1299 3278 1389 3358 281);

245 3561 247 3564 Α
275 3498 295 3548 l.
311 3498 371 3550 Jam
385 3502 447 3549 ante
463 3501 620 3549 annotatum
634 3504 677 3548 est
690 3511 745 3547 non
759 3497 844 3548 semel
857 3497 886 3546 in
899 3498 1038 3548 Naucetdr
1053 3499 1178 3547 sanetum
1197 3495 1302 3560 Aprum
1317 3494 1411 3546 silves-

242 3576 312 3622 trem
327 3586 423 3636 aprum
436 3571 502 3622 fieri.
518 3571 565 3630 lV,
580 3573 641 3622 295:
799 3661 992 3676 ········
1005 3634 1067 3674 teoni

508 3698 589 3739 Obstat
597 3699 663 3738 dirue
673 3708 729 3748 aper
738 3699 861 3746 dentesque
870 3697 969 3747 objectat
978 3697 1052 3737 eidem

509 3762 621 3803 Sidereos.

244 3830 284 3880 Gi.
299 3830 346 3891 IV,
363 3831 422 3890 3843
437 3830 485 3889 VI,
500 3831 557 3891 840,
573 3834 627 3881 ete.

275 3903 350 3952 Mitto
365 3902 430 3952 alios
443 3901 518 3951 locos
532 3901 631 3967 quibus
646 3913 755 3966 quoque
774 3904 919 3964 appareret
934 3899 1047 3948 Petrum
1061 3897 1121 3962 plus
1137 3911 1216 3964 aequo
1232 3897 1260 3946 in
1276 3910 1413 3961 aucupan-

244 3974 284 4023 dis
299 3974 407 4038 ineptiis
422 3973 576 4022 districtum
591 3985 660 4022 esse.

273 4045 296 4094 2.
314 4045 352 4094 Gi.
373 4043 443 4094 dean
461 4044 585 4094 Lemaire
605 4044 654 4094 des
673 4041 781 4106 Belgas,
801 4042 840 4091 de.
855 4042 998 4104 Margarita
1017 4041 1161 4091 Austriaca
1181 4040 1306 4104 (Repretz
1326 4040 1360 4089 dr
1381 4041 1410 4090 lc

243 4119 331 4168 Dama
345 4115 517 4180 infortunee)
536 4154 541 4164 Ι
561 4178 581 4218 Α
590 4189 636 4229 par
644 4179 787 4231 moypleure,
797 4181 868 4230 ayant
877 4189 942 4217 canae
949 4177 1039 4228 sortite,

565 4242 652 4293 Vopant
662 4244 712 4280 tous
721 4251 782 4280 noun
790 4240 831 4290 qul
840 4242 984 4280 rotammcent
990 4250 1036 4288 par
1046 4239 1077 4289 M,

561 4303 593 4344 Jo
601 4304 713 4343 rotent-uz
722 4313 802 4342 cornea
811 4302 839 4341 de
847 4303 981 4351 diadeamea,

561 4367 670 4418 Deripuer
678 4367 738 4406 Mort
747 4369 767 4405 et
777 4365 877 4405 matteur
886 4366 975 4413 inutile,
987 4375 1021 4413 sq.

274 4435 296 4484 3.
313 4434 352 4484 (tl.
368 4433 420 4485 alia
434 4433 581 4484 vocabula:
598 4433 745 4498 spinulum,
761 4436 872 4496 arpina
887 4431 917 4495 (l,
934 4432 987 4494 553)
1005 4432 1131 4489 ductum;
1151 4429 1287 4480 aleriones
1307 4431 1341 4480 ab
1357 4429 1411 4478 alae

244 4506 389 4641 gaggi,
407 4504 472 4568 19l);
489 4505 638 4555 Germanos
649 4520 664 4555 a
677 4508 801 4568 peruzr'ue
813 4503 855 4566 (V,
874 4504 940 4566 168);
958 4499 1188 4566 «Bulgndvillela
1203 4503 1326 4552 Bellona
1340 4502 1413 4551 villa
