3306 5468
707 560 885 630 ..38-

210 707 400 770 obsidiones
416 716 447 768 et
461 707 547 787 apud
563 708 724 769 Moratum
735 710 755 769 J
757 709 975 789 arvillamque
987 727 1112 789 pugnas
1125 712 1261 791 referre,
1276 710 1390 772 multa

211 811 414 890 neglegenda
428 813 629 874 existimavit
643 831 715 892 quae
737 834 847 876 rerum
867 817 1005 894 scriptor
1024 816 1171 878 studiose
1187 818 1385 878 notavisset.

167 935 169 940 ·
211 917 263 980 Ita
277 920 331 979 vix
344 919 544 997 paucissima
560 918 671 980 verba¹
683 921 720 980 in
733 923 884 984 Nanceide
903 924 1054 984 invenias
1077 923 1117 985 de
1135 924 1265 984 fortiter
1278 924 1388 1000 gestis

211 1023 382 1086 aJoanne
411 1024 693 1106 Vadenroutiano,
722 1026 878 1089 Gratiano
908 1028 1088 1106 d’Aouerre,
1122 1028 1248 1092 Varino
1282 1033 1388 1090 Doroa

120 1160 124 1163 ‡
212 1131 367 1212 agricola,
395 1132 597 1193 Harnexario
622 1141 653 1193 et
678 1140 724 1218 tot
747 1132 844 1213 altis,
870 1152 1011 1214 quorum
1038 1136 1176 1198 audacia
1195 1136 1385 1216 Bruyeriae‚

213 1237 341 1317 Bayon,
358 1237 500 1298 Lunaris
516 1237 596 1298 villa
613 1246 642 1300 et
663 1237 839 1317 Spiualum
854 1249 1046 1319 recuperata
1066 1240 1169 1305 sunt’.
1189 1241 1274 1304 Silet
1294 1243 1388 1303 idern

213 1344 253 1404 de
267 1343 435 1421 praeclaris
445 1343 649 1405 facinoribus
659 1345 820 1407 Waltrini
831 1349 867 1407 de
881 1349 985 1424 Wisse,
999 1350 1154 1410 Molbortie
1167 1368 1185 1410 a
1196 1349 1347 1411 Rosariis
1360 1347 1386 1427 ³,

214 1447 481 1528 ceterorumque⁴
497 1450 567 1529 qui,
593 1450 715 1512 iterum
735 1451 921 1513 Nanceium
945 1452 1117 1515 obsidente
1144 1453 1276 1535 Carolo,
1300 1454 1387 1516 Bur·

214 1558 342 1634 gundos
357 1558 429 1618 siue
448 1557 694 1618 intermissione
711 1559 938 1620 tumultuariis
955 1560 1193 1622 certaminibus
1208 1561 1387 1622 lacessive-

214 1674 292 1727 runt
321 1652 596 1741 vexaveruntque.
628 1661 855 1726 Concedamus
878 1682 955 1726 vero
984 1673 1136 1727 nostrum
1165 1668 1318 1729 timuisse
1342 1685 1387 1728 ne

215 1770 280 1830 sibi
299 1768 572 1848 praetermodum
592 1770 731 1830 materia
753 1778 914 1832 cresceret
935 1780 966 1831 et
988 1781 1077 1832 extra
1096 1791 1166 1833 rem
1182 1773 1311 1850 evagari
1325 1790 1387 1834 no-

214 1878 331 1939 luisse.
1147 1947 1150 1951 .

259 1984 575 2063 Mirabimurpotius
591 1983 728 2046 Petrum
743 1984 783 2045 de
792 1983 893 2046 Blaro
904 1985 1002 2063 Ritu,
1020 1993 1056 2046 ut
1067 2004 1166 2065 quern
1183 2004 1250 2048 non
1269 1987 1390 2049 taedeat

214 2090 477 2153 narratiunculas
502 2097 532 2151 et
552 2091 680 2151 minuta
700 2090 787 2152 dicta
810 2091 946 2168 referre,
966 2092 1116 2170 quaedam
1141 2093 1294 2156 omisisse
1313 2112 1389 2173 quae

215 2199 321 2277 ipsius
333 2198 499 2276 proposito
509 2203 584 2276 apta
600 2215 678 2256 sane
689 2205 721 2256 et
733 2197 977 2259 accommodata
988 2196 1195 2261 videbantur.
1208 2198 1285 2260 Sive
1296 2200 1389 2274 enirn

215 2305 287 2366 haec
312 2322 388 2365 eum
410 2302 547 2381 latuere,
568 2303 638 2363 sive
663 2302 741 2364 talia
765 2321 881 2381 parum
908 2303 972 2364 fide
998 2304 1099 2381 digna
1120 2306 1296 2367 arbitratus
1321 2315 1386 2386 est,

215 2411 342 2478 nullam
358 2410 573 2491 mentionem,
592 2406 735 2487 exempli
752 2426 860 2489 causa,
875 2409 952 2470 iecit
968 2411 1091 2472 ominis
1105 2411 1206 2491 hujus
1222 2412 1310 2491 quod
1325 2412 1388 2473 alii

217 2519 392 2597 scriptores
407 2523 685 2577 memoraverunt.
704 2513 841 2576 Scilicet
857 2532 932 2576 cum
949 2535 1136 2595 supremam
1150 2535 1291 2596 pugnam
1310 2535 1388 2580 con-

217 2632 364 2687 serturus
382 2629 564 2684 armaretur
581 2620 732 2701 Carolus,
750 2621 833 2683 forte
854 2623 964 2683 evenit
985 2630 1019 2683 ut
1035 2621 1088 2684 leo
1108 2642 1227 2685 aureus
1242 2623 1300 2702 qui
1317 2624 1392 2704 ejus

217 2729 339 2793 cassidi
360 2748 441 2807 apex
464 2729 691 2807 superpositus
717 2738 784 2790 erat
809 2747 907 2808 super
929 2730 1000 2809 ejus
1027 2729 1221 2808 ephippium
1243 2728 1390 2808 caderet,

216 2836 305 2898 unde
323 2835 506 2896 infaustum
527 2834 571 2894 ita
589 2834 766 2910 augurium
790 2835 939 2912 concepit
964 2844 1000 2896 ut
1025 2834 1139 2895 statim
1164 2835 1389 2897 exclamaret:

221 2967 234 2994 α
254 2942 323 3003 Ηοο
339 2949 389 3003 est
405 2941 537 3016 signum
551 2939 644 3000 Deil.
666 2965 680 2992 »
1302 3004 1304 3008 ,

263 3048 357 3109 Alias
372 3065 439 3108 non
455 3047 627 3108 absimiles
643 3065 695 3107 res
709 3047 856 3125 prolerre
878 3047 910 3107 in
929 3053 1080 3126 promptu
1097 3054 1184 3108 esset
1198 3064 1279 3125 quas
1296 3064 1393 3108 orna·

217 3156 338 3216 mentis
352 3155 491 3234 poeticis
505 3171 574 3214 uon
591 3153 748 3229 indignas
760 3153 864 3215 luisse
880 3154 1013 3214 dixeris.
1443 3236 1446 3241 Ι

263 3261 422 3334 Quaedam
453 3277 529 3321 vero
560 3258 646 3320 baud
677 3260 843 3320 immerito
878 3258 1036 3338 conjicias
1062 3277 1081 3319 a
1108 3258 1203 3320 Petro
1234 3257 1389 3320 consulto

218 3367 439 3445 praetermissa
467 3383 551 3448 esse,
581 3382 768 3442 regressum
798 3363 926 3425 scilicet
952 3365 1072 3425 Renati
1102 3363 1394 3465 PontelMusione

223 3567 433 3575 ...ψ-...-

255 3691 276 3739 l.
291 3691 387 3752 Noua,
402 3687 450 3748 ΙΙΙ,
466 3687 512 3737 350
526 3700 569 3752 sq.
583 3705 588 3736 :

529 3769 573 3808 Sed
582 3769 621 3808 dat
631 3779 696 3818 opem
705 3768 791 3806 afflictae
801 3768 837 3807 vel
848 3768 928 3807 saltem
936 3767 1017 3807 nititur
1027 3769 1077 3807 urbi

529 3832 640 3880 Egregius
649 3830 729 3880 patriae
740 3831 840 3882 sanguis,
852 3831 891 3879 qui
901 3830 959 3868 liber
968 3831 992 3868 in
1002 3831 1062 3878 agris
1145 3863 1148 3867 .

529 3894 635 3944 Errabat,
645 3892 725 3932 castris
734 3892 832 3930 infestus
842 3902 932 3940 semper
941 3895 964 3930 et
973 3892 1032 3931 hosti

530 3957 639 4004 Disperso
649 3959 688 3994 aut
693 3955 759 4004 jusso
768 3955 889 4002 procedere
900 3955 1070 3993 frumentatum.

256 4026 279 4074 2.
296 4025 336 4074 Gs.
354 4025 510 4086 chronique
524 4023 559 4072 de
573 4025 718 4083 Lorrotrtc,
736 4034 796 4083 cap.
813 4019 890 4079 CLV,
908 4019 993 4069 CLIX
1008 4020 1044 4083 (p.
1060 4020 1106 4070 207
1121 4033 1174 4084 sq„
1191 4019 1234 4069 cd.
1255 4017 1333 4080 1860).

257 4097 280 4146 3.
299 4114 308 4140 «
325 4092 643 4144 Rosidresaunsalines.
661 4108 671 4135 a

258 4167 280 4216 l.
298 4165 337 4214 Cf.
355 4165 512 4227 Chrortt'que
527 4165 561 4213 de
575 4166 723 4225 Lorrairtc,
741 4161 1024 4219 CLXXV-CLXXIX,
1041 4175 1068 4224 p.
1083 4160 1129 4210 245
1145 4174 1188 4224 sq.

258 4241 282 4288 5.
300 4256 309 4283 l
327 4237 437 4286 Comme
453 4250 488 4285 on
502 4235 546 4299 luy
560 4233 760 4284 accommodoit
775 4247 824 4282 son
839 4236 934 4290 armet,
947 4232 1041 4283 aduint
1052 4245 1106 4296 que
1116 4231 1141 4281 le
1157 4231 1232 4293 Lyon
1243 4227 1404 4293 d'or‚qu'on

230 4327 239 4354 l
256 4323 272 4372 y
287 4308 358 4358 avoit
372 4305 480 4357 attache
495 4319 565 4370 pour
579 4319 629 4354 son
640 4304 744 4362 cimior‚
756 4305 848 4354 tomba
863 4317 909 4352 sur
924 4302 1025 4365 l'arcon
1036 4302 1069 4351 de
1085 4315 1116 4350 sa
1130 4300 1205 4359 selle,
1217 4301 1282 4349 dont
1298 4300 1316 4349 il
1329 4299 1405 4363 print

231 4397 241 4423 l
258 4392 295 4427 un
309 4378 332 4428 si
347 4377 469 4427 mauuais
484 4389 586 4439 auguro
602 4374 665 4439 qu'il
681 4374 739 4422 dict
754 4373 942 4422 incontinent:
958 4374 1013 4420 Hoc
1031 4375 1069 4421 est
1084 4376 1193 4434 stonum
1208 4375 1269 4420 Dei.
1287 4389 1296 4415 »
1315 4368 1405 4432 (Nico-

229 4451 268 4500 las
282 4449 377 4513 Remy‚
392 4453 522 4498 Discours
537 4449 584 4497 des
605 4446 696 4496 choses
719 4446 860 4494 edocentes
882 4459 916 4493 ert
935 4446 1071 4492 Lorratrte
1092 4443 1190 4506 depuis
1211 4445 1237 4493 le
1257 4443 1340 4491 decez
1362 4441 1404 4490 du

231 4521 284 4570 duc
297 4521 415 4582 ll'tcoles,
425 4519 539 4582 jusques
552 4519 570 4568 d
584 4519 662 4578 celuy
677 4517 715 4565 du
729 4517 783 4566 duc
797 4513 880 4577 Rene,
896 4529 923 4578 p.
942 4511 1004 4576 lid.)
