3306 5468
727 595 770 604 -
792 554 836 623 36
859 595 904 605 ..

276 696 488 759 Christianus
504 691 549 779 (p.
566 693 644 780 61):

275 887 288 914 ‹
306 865 427 918 Messirc
447 863 521 918 Jean
536 865 570 918 de
583 865 699 918 Baadre
709 867 816 935 pcrtoit
835 866 996 919 l’cstendurt
1017 874 1134 920 enecate
1152 867 1278 936 taleme,
1301 871 1412 938 auquel

229 964 370 1016 estendart
384 963 462 1015 estoit
476 962 650 1016 l'Ancnciete
662 964 755 1033 peitate
762 1005 889 1021 .......
907 987 918 1011 »

268 1059 304 1119 P.
323 1060 370 1114 62.
392 1081 404 1108 ‹
424 1057 566 1114 Terrebant
586 1059 626 1112 lca
644 1060 807 1130 Eusez'qaea,
817 1060 926 1128 j’aceis
945 1061 975 1112 la
990 1061 1094 1112 nu'enne
1109 1078 1176 1113 arec
1188 1079 1261 1130 moy,
1276 1060 1409 1130 qu'eatoit

232 1179 245 1206 ‹
262 1156 435 1211 Z'Anunciatc
455 1162 480 1209 et
495 1157 535 1208 les
556 1161 651 1209 autres
670 1173 770 1209 comme
789 1158 870 1210 celles
888 1157 926 1209 du
944 1158 1009 1209 Duc
1023 1156 1192 1225 d’Autrtclre,
1210 1159 1243 1210 de
1255 1158 1409 1212 Monsieur

232 1277 244 1301 e
263 1256 297 1308 de
310 1255 483 1323 Stresboury
501 1259 526 1306 et
545 1253 579 1307 dc
596 1253 742 1307 Mentitur
762 1254 796 1306 dc
813 1254 912 1322 Baete,
928 1256 995 1323 pm'c
1014 1255 1095 1306 celles
1109 1255 1143 1307 cle
1157 1255 1275 1307 ciascun
1291 1256 1406 1310 Cantor

232 1377 243 1402 ‹
263 1354 310 1407 des
328 1352 449 1420 Sciam,
465 1351 483 1404 ὰ
502 1353 624 1419 censoir,
639 1350 757 1419 Zumclt,
777 1352 880 1419 Berne,
900 1353 1013 1421 Luyan,
1034 1351 1201 1422 Frilrcnrqs5
1218 1360 1243 1406 et
1257 1353 1406 1423 pistricum

233 1474 244 1499 ι
263 1457 356 1504 autres
370 1452 470 1503 bonnet
483 1450 565 1502 vilica
580 1449 614 1502 de
628 1449 657 1500 la
671 1449 772 1518 Liqne,
791 1473 803 1496 »

268 1566 375 1632 Nece.7
391 1563 444 1631 VI,
460 1581 489 1621 v.
507 1564 564 1618 386
580 1581 623 1633 sq.
640 1583 647 1615 ε

374 1661 429 1714 His
444 1662 586 1715 instructa
602 1660 672 1715 viris
686 1659 763 1715 acies
776 1661 933 1730 postprima
946 1667 1078 1731 potentes

375 1755 509 1810 Obtinuit
522 1774 636 1825 nervos,
654 1757 758 1811 vexillo
773 1764 876 1811 ornata
887 1758 984 1812 beato.

374 1855 441 1909 Hoc
456 1872 521 1908 nam
536 1855 614 1924 picta
630 1855 729 1908 aderat
744 1856 928 1925 virguncula,
944 1856 1069 1910 nuncius
1083 1857 1119 1910 ad
1133 1871 1218 1926 quam

374 1951 475 2021 Aliger
487 1951 584 2023 inquit
597 1970 650 2007 ave
665 1952 713 2007 dia
727 1953 840 2024 legatus
855 1952 890 2006 ab
906 1954 984 2011 aula.

227 2047 264 2106 V.
281 2048 350 2106 404.
374 2049 460 2103 Hunc
476 2055 667 2120 cognomento
683 2051 718 2104 de
732 2050 848 2104 Baudra
863 2049 970 2105 fecerat
984 2056 1052 2119 apta

373 2144 549 2216 Signiferum
563 2147 655 2201 virtus
668 2148 762 2201 media
775 2147 831 2201 hac
845 2148 875 2201 in
890 2155 983 2218 parte.
1000 2146 1060 2201 Sub
1074 2148 1137 2219 ipsc

374 2242 465 2314 Signa
479 2245 536 2297 alia
549 2244 597 2298 hic
614 2245 728 2298 dominc
743 2244 888 2298 turmatim
904 2246 1042 2316 adjuncta
1056 2246 1170 2300 Renato

372 2340 428 2393 Per
442 2341 552 2411 gelidas
566 2341 708 2410 crepitant
722 2348 841 2397 ventoso
856 2341 971 2395 flamine
985 2343 1088 2401 nubes.

371 2437 428 2491 Hic
443 2438 554 2492 illustre
568 2438 610 2491 tui
625 2438 739 2508 signum
753 2438 836 2493 ducis
851 2438 970 2492 Austria
982 2456 1096 2493 necnon

370 2534 597 2605 Argentinorurn
612 2535 771 2606 geminum,
787 2536 990 2606 geminumque
1004 2536 1119 2590 refulsit

370 2632 491 2687 Basileae
506 2632 601 2703 gentis
615 2631 787 2702 gladiusque
801 2633 849 2686 hic
862 2632 943 2687 venit
957 2638 1088 2702 uterquc.

369 2730 436 2784 Huc
451 2727 653 2800 Stestatenses,
670 2729 726 2783 huc
743 2735 772 2782 et
785 2729 895 2783 misisse
909 2729 1067 2800 Friburges

369 2829 494 2898 Hucque
510 2826 698 2882 Columbares
713 2845 766 2882 sua
781 2846 833 2897 pre
848 2829 922 2883 duce
937 2829 1020 2899 sigua
1035 2836 1176 2898 tenemus,

369 2927 576 2996 Rauracesque
593 2942 668 2980 noro
683 2943 761 2979 nunc
777 2923 870 2979 dictos
884 2925 1000 2979 nemine
1014 2927 1124 2981 Bernos

369 3021 428 3077 Par
440 3022 544 3077 fecisse
560 3022 663 3093 liquet.
680 3021 819 3077 Selturna
833 3027 862 3075 et
876 3020 971 3075 Glaris
987 3027 1016 3075 et
1029 3023 1090 3078 Ura

369 3120 513 3176 Zeucham
529 3125 559 3174 et
574 3119 698 3176 Surican
714 3136 811 3173 secum
826 3119 884 3172 hue
899 3124 1021 3190 traxere,
1037 3119 1174 3190 lacusque

369 3219 453 3275 Unde
469 3218 666 3273 Lacocernam
683 3217 763 3271 dicas
778 3217 854 3270 hanc
869 3216 947 3271 misit
960 3217 997 3269 ad
1012 3234 1101 3275 arma.

267 3377 319 3438 Ita
335 3379 431 3455 signa
447 3379 600 3459 quaedcm
613 3395 687 3457 quae
703 3377 739 3438 iu
755 3376 1003 3438 enumeratione
1013 3378 1217 3455 praeterierat
1233 3376 1398 3442 Christia-

223 3501 286 3546 nus
298 3485 464 3563 supplcvit
477 3493 598 3546 nester.

269 3587 482 3651 Christianus
498 3589 542 3668 (p.
561 3583 638 3671 61):

266 3756 546 3826 ‹D’erriireqerde
560 3756 582 3810 il
599 3756 647 3825 n'y
668 3773 700 3808 cn
720 3756 795 3809 accit
810 3757 902 3826 point,
925 3757 1005 3809 sinen
1026 3757 1066 3809 les
1084 3755 1158 3810 licita
1177 3775 1239 3810 cens
1258 3757 1396 3810 eorrlevri-

226 3874 239 3901 ι
256 3853 342 3921 triers,
360 3858 416 3911 etc.
437 3875 449 3901 »

264 3965 311 4025 cf.
327 3967 435 4035 Nece„
451 3968 505 4038 VI,
521 3984 549 4025 v.
566 3967 624 4022 426
640 3983 684 4038 sq.
703 3985 710 4020 ε
727 3965 784 4022 Sed
797 3983 833 4021 ne
848 3966 928 4021 nnlla
942 3969 1056 4039 ducem,
1073 3985 1116 4039 sq.

227 4126 439 4192 Christianus
456 4124 501 4212 (p.
519 4124 593 4213 63):

267 4316 279 4341 ‹
301 4293 393 4356 erant
407 4299 447 4349 est
460 4295 498 4348 dtr
511 4312 559 4348 cor
565 4336 673 4351 ......
693 4313 743 4349 car
756 4294 823 4364 drjc
838 4294 857 4348 ὰ
870 4294 995 4350 Moratte
1010 4296 1032 4348 il
1047 4296 1145 4350 l'avor’t
1159 4312 1223 4364 orry,
1244 4317 1256 4343 »

264 4426 312 4485 ef.
328 4428 435 4496 Nunc„
451 4426 505 4495 VI,
522 4446 551 4486 v.
569 4428 626 4482 533
644 4445 650 4479 :
669 4427 784 4481 Terruit
797 4426 851 4480 hos
866 4433 965 4481 notum
979 4428 1023 4482 bis
1038 4446 1139 4488 cornu.

415 4526 504 4594 Ibis,
522 4542 551 4584 v.
568 4525 625 4581 487
644 4525 827 4581 :Helveticae
842 4543 902 4581 mos
918 4530 971 4591 est,
989 4543 1033 4595 sq.
