3306 5468
699 537 876 604 -10-

246 681 315 743 Nec
329 698 405 743 vero
426 683 537 743 minus
558 682 663 744 doctis
683 683 765 743 viris
790 689 822 743 et
837 679 942 760 poetis
963 695 1061 760 quarn
1077 678 1260 740 artificibus
1278 678 1367 739 iavet

201 790 359 868 Renatus,
369 797 406 850 ut
415 790 545 867 quinon
555 807 687 868 parvam
697 806 735 850 ex
746 788 870 851 litteris
880 787 1011 849 nomini
1021 805 1080 848 suo
1093 792 1201 866 speret
1212 784 1368 861 gloriam.

201 893 290 974 Ipse,
315 893 508 956 liberalibus
534 895 726 973 disciplinis
748 894 909 974 imbutus,
934 901 971 954 nt
996 893 1068 972 ejus
1092 910 1172 953 avus
1197 891 1289 970 prior
1310 890 1372 951 ille

166 1029 170 1034 v
202 1000 449 1061 Andecavensis
480 1001 640 1080 Renatus,
667 1001 777 1061 dicere
804 997 929 1060 solebat
950 996 1164 1058 illitteratum
1186 996 1373 1074 principem

203 1106 291 1167 nihil
321 1105 413 1167 aliud
442 1124 513 1167 esse
541 1125 640 1184 quam
670 1105 890 1167 diadematum
921 1102 1079 1165 asinum¹.
1108 1102 1158 1165 De
1188 1120 1226 1164 eo
1256 1103 1376 1164 scribit

108 1213 109 1217 ’
204 1211 349 1272 Joannes
365 1210 524 1290 Aloysius
541 1213 603 1293 (op.
620 1207 702 1293 cit.):
724 1236 738 1264 α
757 1209 931 1271 Studiosos
947 1216 979 1270 et
997 1207 1159 1270 litteratos
1180 1208 1270 1269 viros
1285 1226 1373 1270 sum-

204 1317 268 1378 mis
281 1316 464 1377 honoribus
486 1316 606 1377 affecit.
635 1316 750 1376 Sacrae
765 1316 878 1376 literas
897 1333 955 1394 per
971 1333 1005 1375 se
1024 1314 1118 1391 legit.
1137 1314 1373 1376 Recentiorem

205 1422 389 1501 hystoriam
405 1422 650 1483 studiosissime
666 1422 760 1482 vidit.
784 1420 937 1500 Syderali
957 1421 1105 1482 scientiae
1127 1419 1386 1499 exactissimam

204 1530 337 1589 navavit
354 1545 497 1608 operam,
517 1546 578 1588 nec
590 1527 718 1607 jurium
735 1527 798 1588 snit
812 1528 960 1604 ignarus.
984 1552 997 1580 »

253 1633 448 1711 Quanquam
464 1633 570 1710 igitur
585 1633 710 1694 Renato
726 1633 763 1694 in
778 1633 812 1693 id
823 1642 898 1695 ante
914 1632 1024 1693 omnia
1038 1631 1297 1692 incumbendum
1309 1630 1374 1692 fuit

205 1746 241 1799 ut
263 1739 409 1799 victoriae
433 1745 523 1800 tanto
545 1739 656 1801 labore
682 1746 781 1817 partae
805 1741 930 1800 fructus
954 1738 1137 1817 perciperet
1152 1745 1184 1798 et
1203 1754 1275 1816 quae
1290 1737 1372 1798 belli

116 1924 119 1932 Ι
206 1843 334 1923 impetu
358 1850 518 1921 prostrata
541 1850 639 1922 atque
666 1844 815 1922 perculsa
828 1844 980 1923 jacebant
1005 1843 1171 1921 excitaret,
1188 1840 1248 1903 hoc
1268 1851 1377 1904 tamen

207 1951 356 2009 muneris
372 1950 426 2010 sui
441 1955 473 2009 et
487 1950 665 2027 provinciae
684 1968 756 2012 esse
775 1949 974 2010 existimavit
990 1947 1210 2008 litteratorum
1229 1946 1377 2009 virorum

206 2056 314 2117 studia
333 2057 458 2135 fovere,
474 2074 613 2134 quorum
635 2057 771 2132 ingenio
788 2055 920 2133 putabat
941 2073 989 2137 ea,
1007 2072 1080 2134 quae
1100 2063 1258 2136 gesserat,
1281 2071 1378 2132 posse
1456 2133 1457 2137 Ἰ

207 2162 379 2224 celebrari.

252 2267 282 2326 A
302 2267 433 2328 clericis
456 2285 545 2348 vero,
565 2286 602 2329 eo
623 2268 743 2329 saeculo
762 2267 958 2346 praesertim,
977 2265 1014 2326 in
1036 2265 1251 2341 Lotharingia
1271 2264 1378 2326 cultas

208 2380 239 2433 et
254 2381 418 2451 promotas
435 2391 505 2433 esse
521 2372 648 2434 litteras
664 2373 738 2452 quis
754 2374 873 2451 estqui
891 2367 1052 2433 miretur?
1070 2372 1150 2444 Quae
1166 2370 1377 2433 domicilium

207 2478 271 2537 sibi
286 2477 426 2554 elegisse
449 2477 660 2556 potissimum
684 2479 838 2540 videntur
855 2477 938 2539 hanc
953 2477 1091 2538 Deodati
1107 2478 1242 2539 nomine
1258 2477 1371 2556 appel·

205 2582 302 2644 latam
314 2584 439 2666 urbem,
455 2584 509 2645 ubi
519 2584 630 2646 floruit
642 2602 708 2646 non
720 2583 866 2662 ignobile
877 2583 963 2644 illud
972 2582 1162 2660 Vosagense
1175 2580 1373 2662 collegium,

207 2690 301 2768 cujus
320 2707 394 2768 pars
416 2691 521 2769 major
543 2690 693 2752 canonici
708 2691 855 2771 inerunt,
874 2689 1001 2750 artibus
1017 2696 1048 2750 et
1064 2688 1212 2750 scientiis
1227 2687 1377 2751 liberali·

207 2795 333 2873 busque
350 2795 469 2856 studiis
486 2814 693 2876 summopere
709 2797 825 2858 dediti.
843 2796 932 2857 Audi
954 2814 1052 2874 qnam
1072 2795 1188 2876 effuse,
1205 2813 1247 2856 ne
1268 2795 1378 2856 dicam

208 2901 476 2981 intemperanter,
501 2904 628 2964 beatam
659 2922 731 2964 eam
759 2902 873 2965 Sancti
900 2903 1041 2964 Deodati
1072 2902 1247 2964 ecclesiam
1261 2901 1373 2983 Hugo,

210 3004 367 3082 Stivagii²
384 3007 494 3089 abbas,
512 3007 666 3070 laudibus
683 3009 818 3071 extollat
833 3005 895 3091 (op.
907 3013 973 3086 cit,
989 3004 1117 3090 praei.):
1133 3007 1379 3087 «praepositura

210 3109 322 3175 Sancti
338 3114 491 3196 Deodati,
509 3134 527 3176 a
543 3132 602 3176 suo
617 3123 729 3176 autore
744 3132 866 3176 nomen
882 3114 1047 3194 obtinens,
1061 3113 1215 3174 omnibus
1230 3111 1377 3191 antiqui-

209 3226 274 3281 tate
289 3220 456 3304 prrevalet,
476 3222 505 3283 si
525 3222 668 3300 excipias
690 3221 885 3297 Stivagium.
907 3220 1005 3282 Nune
1026 3219 1181 3282 omnibus
1200 3217 1376 3280 nobilitate

208 3325 304 3402 praeit
319 3343 356 3386 ex
373 3345 578 3388 summorum
592 3327 795 3388 Pontificum
809 3326 1047 3388 liberalissima
1066 3324 1218 3402 largitate
1234 3332 1265 3385 et
1281 3323 1378 3383 Prin·

209 3431 318 3508 cipum
332 3431 562 3494 beneficentia.
580 3432 707 3494 Floruit
729 3432 809 3494 oiim
829 3433 1080 3510 praesidentium
1101 3430 1239 3510 inclytis
1259 3428 1377 3491 natali-

207 3534 282 3614 bus,
306 3535 418 3597 tloruit
438 3538 644 3598 eruditorum
661 3538 761 3619 fama,
785 3534 980 3598 Sanctorum
1007 3536 1143 3615 pietate,
1171 3540 1203 3594 et
1223 3532 1376 3613 quamvis

208 3659 361 3720 grassans
387 3644 422 3703 in
453 3643 550 3705 Clero
577 3645 735 3721 segnities
760 3643 839 3704 alibi
863 3644 900 3705 in
919 3644 985 3706 olio
1009 3643 1186 3705 canonicos
1211 3648 1379 3719 torpentes

210 3826 422 3834 ——--——.—.

244 3940 265 3988 l.
284 3937 392 3988 Nicoles
411 3937 505 4002 Remy‚
527 3943 657 3988 Discoars
676 3938 723 3988 des
744 3938 833 3988 choses
853 3939 994 3988 adorares
1014 3953 1048 3988 ca
1067 3941 1213 3990 lorraine.
1237 3937 1379 3989 tlte-1508.

213 4027 222 4054 t(
241 4048 321 4060 ,,,,,,
336 4009 358 4058 ΙΙ
378 4024 407 4060 se
426 4010 533 4073 plaisoit
552 4009 729 4073 grandement
747 4007 763 4058 b
782 4009 807 4059 la
824 4009 930 4059 lecture
950 4009 983 4059 de
1004 4009 1141 4068 l'histoire‚
1159 4010 1225 4059 mais
1242 4009 1315 4058 aussi
1330 4009 1379 4059 des

213 4099 223 4125 l
239 4081 320 4130 livres
335 4081 369 4131 do
384 4081 409 4130 la
422 4081 593 4145 philosophie
610 4085 637 4130 et
655 4081 748 4130 meme
760 4081 793 4130 de
808 4081 834 4130 la
849 4079 993 4143 theologie,
1009 4081 1098 4131 disant
1113 4081 1196 4145 qu’un
1211 4081 1309 4130 Prince
1323 4093 1379 4129 non

212 4170 222 4196 l
239 4151 319 4201 lettre
335 4153 414 4202 estoit
429 4165 466 4202 un
481 4165 546 4200 asne
562 4150 710 4201 couronne.
727 4151 762 4200 Et
781 4165 886 4201 comme
906 4151 923 4201 il
945 4155 1010 4214 ouyt
1024 4167 1062 4201 un
1077 4153 1141 4216 jour
1155 4156 1281 4202 recenter
1295 4149 1379 4215 qu’un

212 4222 342 4272 «certain
362 4222 460 4272 Princo
480 4223 513 4272 de
534 4235 584 4271 son
603 4226 692 4285 temps
712 4222 866 4287 discitque
886 4223 911 4272 le
930 4222 995 4272 latin
1016 4229 1042 4272 et
1060 4223 1100 4272 les
1120 4222 1215 4271 lettres
1236 4221 1380 4271 n'estoient

212 4293 337 4344 «choses
357 4295 452 4358 dignes
472 4293 505 4343 de
525 4292 668 4342 l'exereice
690 4294 765 4343 etde
784 4293 966 4357 l'occupetion
981 4293 1045 4343 d'un
1062 4293 1147 4356 grand
1163 4293 1272 4351 Prinne,
1288 4292 1304 4341 il
1324 4305 1380 4341 res·

212 4381 221 4408 l
238 4365 333 4427 pondit
348 4380 400 4429 qne
417 4378 463 4415 ces
478 4377 579 4428 propos
594 4365 776 4414 ressentoient
790 4365 908 4427 plustost
922 4364 947 4413 le
962 4363 1220 4427 meuglementd'un
1234 4365 1379 4427 breuique

211 4452 221 4479 l
237 4435 262 4484 le
277 4435 388 4499 langage
404 4437 467 4486 d'un
481 4437 599 4495 homme,
616 4439 669 4485 eto.
687 4452 697 4480 l

239 4507 264 4556 a.
279 4495 375 4556 buvet.
