3306 5468
782 509 984 577 -t08-

354 659 438 717 Ante
459 674 572 718 ararites
589 657 627 716 de
649 654 758 716 Caroli
776 664 882 731 strage
903 655 989 732 apud
1010 654 1173 714 Moratum
1192 651 1336 713 LXXIV
1351 652 1479 714 latinos

310 780 423 822 versus
442 761 583 821 iacchus
607 762 802 837 thorphetinp
826 757 1041 819 Slestatensis
1064 755 1276 836 composuit¹,
1296 759 1332 818 in
1352 758 1479 835 quibus

311 864 477 950 (miruml)
496 866 535 926 de
557 865 716 926 Helvetiis
737 864 872 943 siletur,
899 882 973 923 cum
998 863 1170 924 Rhenanis
1197 863 1372 924 Germanis
1401 863 1478 924 lans

311 973 420 1034 omnis
436 972 581 1033 victoriae
597 968 786 1031 t1·ibuatur².
806 969 912 1042 Quam
927 969 1150 1030 illiberalihns
1163 969 1249 1049 jocis
1264 968 1326 1030 hoc
1342 987 1480 1030 carmen

312 1077 483 1139 conditum
497 1078 541 1137 sit
557 1086 587 1137 et
601 1094 697 1155 quam
717 1077 819 1136 atroci
835 1076 954 1152 gaudio
974 1075 1010 1134 in
1031 1074 1092 1136 hac
1115 1074 1372 1150 Burgundorum
1387 1075 1479 1136 caede

311 1183 452 1244 exsultet
468 1182 606 1261 scriptor
622 1182 718 1260 pauci
734 1199 846 1242 uersus
863 1181 941 1241 satis
958 1182 1132 1242 docebunt.

388 1396 428 1437 DE
453 1395 577 1438 STRAGE
601 1395 695 1438 nncts
721 1392 916 1437 BURGUNDIAE
940 1393 1027 1435 ANTE
1052 1392 1212 1435 MURTHEM
1238 1390 1392 1436 OPPIDUM.

348 1517 384 1571 V.
404 1521 419 1571 1
437 1536 480 1588 sq.
499 1538 505 1570 :
522 1519 626 1572 Jamne
642 1517 693 1571 tibi
709 1517 806 1570 dulces
822 1517 913 1570 nostri
928 1523 1006 1584 sunt,
1022 1517 1141 1586 Karcle,
1159 1515 1276 1584 pisces?

524 1613 635 1668 Suntne
650 1613 703 1667 tibi
716 1613 834 1685 sapidae,
850 1629 922 1682 quas
937 1613 1112 1683 praebuimus
1125 1615 1221 1677 modo,
1239 1611 1337 1668 ficus?

524 1709 628 1776 Credo,
647 1709 698 1763 tibi
712 1710 811 1764 fauces
826 1709 976 1778 languent,
992 1710 1118 1778 laesoque
1133 1709 1230 1779 palato

522 1805 685 1876 Degustare
699 1807 780 1859 cibos
795 1823 854 1858 non
868 1808 960 1875 possis
974 1807 1034 1875 ipse
1050 1823 1163 1860 suaves.

525 1905 555 1960 Si
569 1905 623 1959 tibi
637 1911 739 1975 gustus
753 1905 846 1971 abest,
862 1904 989 1974 linguam
1005 1902 1107 1958 rasisse
1122 1903 1245 1961 decebit.

524 2003 568 2055 En
582 2003 662 2070 prius
676 2001 802 2071 aequales
817 2001 870 2055 tibi
884 2020 936 2056 nos
950 2001 1125 2070 porreximus
1140 2019 1220 2055 escas

524 2098 576 2152 Sat
590 2098 648 2151 sale
664 2097 796 2151 conditas
816 2117 822 2150 ε
839 2103 935 2150 tamen
949 2097 1122 2151 insatiabilis
1136 2098 1217 2152 alvus

522 2195 626 2249 Denuo
642 2194 745 2264 repleri
759 2210 843 2248 ecana
858 2194 965 2261 majore
979 2193 1092 2263 petivit.
1106 2239 1112 2248 .
1126 2237 1152 2249 ..
1174 2211 1218 2264 sq.

357 2355 408 2414 lta
425 2355 464 2414 de
480 2353 670 2429 Burgundis
684 2353 758 2413 lacn
773 2353 939 2413 immersis
954 2352 1120 2431 loquitur:

355 2511 387 2569 V.
400 2512 437 2564 52
449 2529 491 2580 sq.
505 2531 511 2564 ε
531 2512 633 2566 Cetera
647 2511 732 2565 turba
746 2517 816 2581 tuae,
833 2512 890 2564 dux
906 2529 922 2565 o
937 2512 1087 2580 praeclare,
1103 2509 1229 2564 cohortis

523 2607 680 2661 Immensos
693 2608 830 2677 repetisse
846 2608 936 2676 lacus,
953 2607 1011 2660 hai
1029 2607 1141 2661 concito
1156 2607 1217 2661 visa
1231 2611 1284 2663 est.
1366 2677 1371 2683 ἡ

524 2705 657 2773 Namque
673 2704 810 2758 oblectari
825 2710 853 2759 te
868 2704 996 2776 piscibus
1010 2704 1190 2774 accipiebat:

524 2803 669 2855 Praeterea
684 2803 776 2857 vetuit
789 2803 888 2857 eadem
902 2802 950 2856 lux
964 2802 1098 2856 carnibus
1113 2801 1166 2854 uti.

525 2898 580 2952 Sed
595 2899 713 2968 grandis
728 2915 843 2970 moeror,
859 2900 1028 2953 immensum
1043 2901 1178 2968 dedecus,
1195 2897 1279 2951 undis

523 2992 693 3048 Frenavisse
709 2992 795 3063 sitim,
812 2995 900 3048 vitam
916 3011 1032 3064 quoque
1047 2995 1181 3048 claudere
1194 2992 1321 3062 limphis,

525 3090 601 3143 Dum
616 3108 706 3159 parvo
722 3096 856 3146 constent
871 3090 1056 3145 celeberrima
1070 3090 1176 3158 pocula
1191 3089 1310 3146 Bacchi.

355 3245 404 3307 De
421 3247 546 3309 Renato
562 3249 651 3310 hntrc
667 3268 769 3310 unum
784 3269 915 3311 versum
930 3267 1100 3328 excerpere
1115 3249 1215 3310 licet:

351 3413 386 3470 V.
404 3413 442 3467 24
460 3433 467 3466 τ
484 3414 521 3467 tat
538 3415 595 3467 dux
610 3412 751 3468 Calabriae
766 3416 882 3469 summis
898 3415 1049 3470 conatibus
1066 3418 1170 3472 audax.

309 3570 310 3573 ’
357 3572 474 3646 Petrus
495 3574 594 3632 Schott
613 3579 723 3632 antem
742 3574 929 3654 canonicus,
948 3574 1003 3636 cui
1023 3575 1084 3636 hoc
1104 3577 1304 3654 poematium
1324 3575 1488 3638 alterum·

313 3694 375 3753 que
397 3678 435 3737 de
455 3679 638 3755 llcpenbucb
659 3679 823 3757 supplicio
847 3681 989 3742 dacobus
1013 3683 1210 3760 thphett'up
1233 3683 1381 3762 miserat,
1406 3699 1489 3744 enm

313 3783 426 3843 effusis
445 3783 599 3844 laudibus
621 3785 736 3844 extulit
756 3785 1033 3865 vehementerque
1053 3788 1201 3849 hortatus
1221 3795 1270 3848 est
1289 3795 1325 3848 ut
1348 3804 1489 3848 carmen

313 3887 352 3946 de
373 3885 486 3948 Caroli
505 3888 592 3965 apud
611 3887 795 3951 Nanceium
816 3890 906 3951 clade
926 3890 1168 3971 compone1·et⁸.
1186 3892 1282 3965 Quod
1302 3892 1488 3955 consilium
1510 3916 1517 3923 ·

311 4001 424 4053 utrum
439 4004 609 4054 exsecutus
626 3994 768 4056 iacchus
784 3996 827 4056 sit
839 4014 955 4078 necne,
973 3998 1008 4058 in
1024 3999 1124 4060 dnbio
1138 3999 1293 4060 relictum
1307 4006 1368 4060 est.

346 4269 366 4316 t.
385 4268 423 4317 Cs.
442 4267 572 4328 Schmidt,
587 4272 708 4320 Histoire
723 4271 862 4322 litteratae
877 4274 912 4322 dc
927 4274 1051 4335 t’AIsccc,
1066 4279 1084 4324 t.
1100 4271 1121 4332 Ι,
1138 4288 1164 4337 p.
1182 4275 1234 4324 165.

343 4339 366 4388 2.
383 4338 418 4387 Hi
433 4353 529 4389 versus
545 4340 610 4389 editi
625 4349 688 4390 sunt
703 4344 885 4404 antepervoa
898 4347 1028 4394 Kaoaaa.
1040 4345 1185 4408 (Atczctper
1193 4345 1249 4407 sur
1262 4344 1488 4396 sctwcr'zcrtscha

317 4409 480 4459 Gerraichtc.
497 4409 635 4473 Jahrgang
652 4412 790 4470 tato-1873,
807 4427 832 4476 p.
849 4413 913 4475 315.)

344 4481 366 4528 3.
384 4479 413 4528 P.
434 4478 537 4538 Schott,
553 4482 822 4541 terratrute'cacclae,
837 4485 859 4531 Γ0
876 4484 942 4534 1625,
