3306 5468
726 552 903 621 ..70-

457 698 547 754 Nullo
561 698 613 753 tibi
629 704 772 769 superest.
788 697 911 753 Veneris
925 695 979 753 tibi
992 695 1057 751 dico
1074 714 1235 767 supremam

459 796 544 849 Hanc
558 795 655 849 lucere
669 795 754 852 diem.
773 796 833 851 Nee
849 795 924 849 enim
940 795 1112 850 celebranda
1127 794 1234 849 redibit

460 892 524 945 Lux
538 908 590 962 pro
605 910 651 947 me
665 892 746 963 prius
760 909 794 947 ae
810 892 910 945 mortis
923 896 1040 946 teneare
1054 890 1215 948 tenebris.»

236 1071 334 1132 Nihil
349 1078 435 1132 certe
450 1071 626 1152 insulsius,
643 1071 731 1132 nihil
746 1071 852 1148 magis
868 1070 1063 1132 arcessitum
1080 1070 1185 1132 dicas.

279 1178 350 1239 lloc
365 1178 488 1239 etenim
498 1177 665 1256 peculiare
680 1177 917 1239 miraculorum
931 1194 1037 1255 genus
1052 1176 1269 1257 assumpsisse
1287 1175 1408 1236 Petrus

234 1283 366 1345 videtur
388 1302 452 1363 qno
477 1292 507 1345 et
526 1285 597 1346 dies
618 1292 649 1345 et
676 1300 807 1344 menses
828 1291 859 1344 et
888 1285 968 1344 anni
993 1282 1167 1344 duodecim
1186 1281 1295 1361 signa,
1313 1281 1409 1359 qnasi

236 1392 391 1471 animata,
407 1390 582 1452 insolitum
597 1393 633 1452 in
649 1390 784 1452 modum
799 1390 897 1451 rebus
912 1390 1014 1465 gestis
1031 1388 1307 1450 admiscerentur.

281 1497 462 1575 Postquam
473 1498 809 1574 anteminteremptus
822 1504 871 1557 est
883 1495 1025 1558 Carolus
1037 1501 1067 1557 et
1079 1494 1115 1554 in
1125 1493 1236 1572 gelido
1246 1492 1412 1554 Virilethi

238 1613 351 1680 stagno
363 1604 481 1683 J'acnit,
499 1623 516 1664 e
535 1602 615 1663 caclo
632 1603 715 1663 tanti
735 1601 828 1664 ducis
849 1618 1001 1663 occasum
1021 1599 1263 1678 contemplatos
1278 1599 1412 1661 Mavors

238 1728 313 1772 enm
334 1709 432 1786 longa
451 1709 596 1771 oratione
616 1707 795 1787 alloquitur
816 1705 890 1792 (VI,
915 1704 1076 1789 rto-830)
1096 1705 1260 1785 delletqne
1281 1706 1414 1767 alumni

239 1816 290 1878 sui
310 1817 460 1876 acerbam
479 1822 599 1877 sortem
627 1815 683 1894 qui
704 1815 831 1877 cruoris
847 1814 1048 1876 *fluminibus
1075 1813 1241 1893 Europam
1271 1811 1415 1873 inunda-

237 1935 340 1983 verat.
365 1921 449 1983 Cum
467 1939 554 1982 nunc
568 1923 642 1999 paci
653 1921 837 1983 cedendum
855 1921 909 1999 sit,
927 1921 990 1982 hoc
1003 1919 1121 1982 saltem
1138 1939 1156 1981 a
1173 1919 1319 1979 Mavorte
1330 1934 1415 1996 prae-

239 2029 344 2089 mium
360 2029 424 2089 dux
439 2029 521 2090 leret
539 2028 627 2107 quod
642 2029 736 2090 famae
754 2044 875 2088 nomen
892 2026 1079 2089 immortale
1096 2025 1284 2088 inseruerit.
1302 2023 1415 2104 Hujus

239 2152 316 2195 vero
336 2133 485 2195 funebris
513 2134 715 2196 laudationis
739 2132 920 2196 nonnullos
946 2151 1064 2195 versus
1081 2133 1152 2212 jam
1174 2149 1272 2210 supra
1299 2127 1417 2191 lauda-

240 2241 362 2301 vimus

286 2346 395 2407 Pauca
417 2346 517 2406 etiam
540 2346 680 2409 dicenda
705 2353 781 2408 sunt
810 2347 849 2408 de
875 2346 990 2406 diebus
1016 2345 1253 2422 mensibusque
1276 2349 1307 2404 et
1332 2342 1417 2402 anni

242 2452 347 2529 signis
371 2453 492 2531 quibus
515 2469 573 2530 per
597 2448 783 2538 oiiquopc'ur
809 2451 928 2512 Petrus
951 2450 1115 2513 humanos
1140 2450 1250 2512 induit
1280 2466 1416 2511 senene.

242 2560 330 2620 Hinc
344 2561 466 2621 mirum
482 2561 518 2621 in
532 2561 669 2622 modum
683 2569 834 2622 metuunt
849 2569 881 2621 et
896 2560 1047 2639 cupiunt,
1065 2559 1178 2621 dolent
1188 2557 1415 2636 gaudentque.

288 2665 374 2728 Cum
388 2668 512 2728 etenim
523 2669 558 2729 in
568 2667 727 2730 ianuario
740 2685 852 2729 mense
868 2667 1007 2730 victoria
1020 2667 1184 2746 potiturus
1196 2663 1238 2726 sit
1253 2664 1416 2744 Henetus,

242 2771 364 2832 Jannm
379 2773 467 2835 haud
482 2792 618 2851 parvum
633 2781 838 2836 momentum
852 2774 888 2834 in
906 2771 1018 2835 Caroli
1034 2771 1127 2834 clade
1147 2770 1305 2833 habuisse
1325 2787 1420 2832 com-

242 2885 374 2939 mentus
390 2885 439 2939 est
454 2886 576 2940 noster.

283 3063 320 3135 V,
336 3081 364 3121 v.
383 3064 441 3118 422
458 3081 503 3134 sq.
519 3083 525 3117 r
550 3107 757 3122 .......
785 3113 788 3118 .
817 3108 959 3123 .....
978 3063 1120 3118 Vietricia
1132 3063 1227 3118 Jonus

455 3163 560 3217 Praelia
573 3163 709 3218 Naneeiis
723 3164 846 3232 spondet
856 3165 993 3232 juratque
1007 3161 1156 3232 procellis,

455 3261 548 3330 Inque
561 3260 635 3315 diem
649 3260 744 3314 differt
758 3260 891 3330 quintum
906 3260 1057 3331 promissa,
1075 3261 1195 3315 daturus

456 3355 578 3412 Afflictae
592 3358 719 3428 requiem
734 3357 835 3427 patriae
850 3375 1010 3428 poenasque
1025 3374 1185 3427 necemque

456 3455 609 3512 Hostibus.
626 3456 649 3512 Ο
663 3456 771 3510 danum
785 3455 845 3509 fors
859 3455 906 3511 vix
919 3455 991 3510 latet
1006 3456 1066 3509 ulla
1080 3453 1250 3510 bifrontem.

291 3629 343 3693 Cf.
360 3631 421 3711 Vl,
439 3627 469 3710 7,
488 3648 536 3709 sq.

289 3738 374 3798 Ecce
396 3736 489 3798 alind
508 3736 587 3797 anni
607 3736 740 3812 signum
759 3744 791 3798 et
812 3737 901 3797 idem
922 3735 1003 3798 olim
1023 3737 1110 3798 inter
1132 3735 1279 3814 insignia
1293 3736 1421 3799 Renati

247 3843 511 3921 describendum,
523 3862 598 3904 cum
613 3841 672 3903 ille
686 3842 881 3905 Barrensem
891 3843 1046 3905 ducatum
1057 3843 1311 3923 recuperaverit.
1330 3843 1422 3908 Vide

247 3969 345 4029 quam
368 3947 558 4010 incredibili
583 3947 699 4009 laetitia
725 3950 905 4024 gestientes
935 3948 1050 4012 Pisces
1076 3950 1308 4028 Letharingiae
1338 3951 1421 4013 duci

248 4073 419 4136 prosperos
436 4063 572 4116 eventus
587 4055 785 4133 praedicant:

288 4242 343 4312 ΙΙΙ,
359 4261 389 4301 v.
405 4242 462 4296 246
481 4259 488 4294 t
511 4281 665 4297 ......
682 4238 816 4307 Longum
831 4254 947 4294 sensere
961 4239 1028 4310 gelo
1045 4238 1172 4293 caelestia
1186 4237 1280 4309 pisces

435 4336 536 4409 Signa,
553 4335 641 4390 alacri
655 4341 738 4406 gestu
746 4336 893 4404 jactantes
909 4353 1042 4407 corpora,
1058 4343 1198 4407 tanquam

434 4435 581 4490 Victorem
595 4438 756 4503 agnoscant
769 4431 898 4486 Phoebea
912 4450 945 4486 ex
959 4449 1025 4486 aree
1039 4433 1198 4503 Renatum,·

436 4531 532 4603 Atque
540 4530 893 4603 huieapplaudunt,quem
903 4549 967 4586 mox
975 4531 1178 4604 dominumque
1186 4531 1348 4604 ducemque
