3306 5468
740 532 917 600 ..46-

293 677 522 740 Misericordia
548 695 627 738 sane
651 683 779 738 motum
808 695 880 738 esse
902 678 1036 737 Petrum
1051 684 1136 755 patet
1150 691 1225 735 cum
1239 672 1428 735 sollemnia

245 785 306 848 itta
328 784 439 845 Caroli
459 785 575 845 sunere
593 786 629 845 in
645 785 723 845 Divi
746 785 884 859 Georgii
900 784 970 845 fede
986 784 1155 846 describit.
1179 781 1306 844 Flebile
1329 783 1426 842 eninr

245 893 359 953 nescio
375 892 456 970 quid
469 891 505 952 in
521 891 574 951 bis
590 891 738 952 versibus
753 892 841 952 inest
858 911 865 951 :

286 1051 392 1118 Nouo,
408 1049 462 1117 Vl,
478 1067 508 1104 v.
526 1049 601 1103 1198
617 1066 682 1119 sq.:

392 1147 457 1201 Hac
471 1148 535 1219 pius
551 1164 620 1216 ergo
633 1147 731 1200 fremit
746 1147 919 1217 psallentum
935 1146 1042 1200 elamor
1054 1145 1084 1198 in
1099 1146 1160 1199 aede

392 1246 483 1298 Plena
497 1243 657 1311 hominum,
675 1245 760 1297 surdo
776 1245 826 1298 sed
841 1260 927 1313 epum
942 1260 1007 1312 pars
1022 1259 1098 1297 more
1112 1248 1253 1309 susurrat,

392 1342 536 1410 Flentque
550 1341 640 1407 faces,
659 1359 725 1394 uera
740 1340 872 1395 lacrimas
886 1340 1028 1409 imitante,
1044 1340 1195 1411 liquorque

391 1439 502 1492 Defluit
516 1439 546 1491 in
562 1439 715 1497 tumulum,
736 1438 932 1508 quaerentibus
946 1438 1036 1491 ardua
1049 1437 1182 1495 flammis.

394 1536 491 1605 Atque
506 1535 685 1606 pyramidum
702 1535 854 1588 tinnitibus
869 1551 926 1588 aera
941 1533 1051 1587 sonoris

393 1633 490 1686 Verba
505 1633 585 1702 loqui
599 1634 700 1687 eredas
715 1639 745 1686 et
759 1633 854 1686 dicere
873 1652 880 1686 z
898 1633 1000 1700 Peroe,
1017 1633 1135 1685 deorum

390 1732 450 1785 Rex
466 1731 524 1800 pie,
542 1748 627 1799 poree
643 1730 711 1785 duei
727 1731 877 1785 miserans.
894 1729 967 1785 Nam
984 1730 1006 1783 si
1023 1746 1080 1798 que
1094 1729 1206 1784 Reuato

393 1827 516 1882 Carolus
531 1827 647 1897 inflixit,
665 1827 778 1882 veniam
794 1828 843 1880 dat
858 1831 960 1898 sponte
975 1827 1155 1884 Renatne...
1173 1844 1214 1897 sq.

292 1986 332 2046 Iu
347 1985 408 2047 heo
425 1984 539 2047 Caroli
555 1983 663 2060 effigie
684 2003 722 2046 ea
741 1985 907 2046 desideres
927 1985 1047 2063 quibus
1068 1985 1213 2063 eorporis
1233 1983 1370 2046 babitus
1385 1995 1419 2048 et

247 2093 314 2153 oris
328 2091 529 2153 lineamenta
550 2091 689 2170 exprimi
709 2092 849 2170 possint,
867 2108 942 2152 oum
961 2091 1055 2152 ducis
1075 2092 1223 2151 animum
1238 2107 1417 2171 moresque

244 2199 353 2276 potius
375 2216 471 2277 quam
494 2198 614 2259 faciem
635 2215 672 2258 ao
694 2207 847 2259 staturam
869 2197 1055 2258 describere
1076 2204 1189 2258 noster
1207 2198 1417 2275 propositum

244 2304 408 2367 hebuerit.
431 2304 604 2365 Notaveris
622 2311 741 2384 tamen,
757 2305 793 2365 iu
814 2322 851 2365 ea
873 2322 944 2366 oum
966 2302 1060 2363 leone
1080 2303 1333 2384 comparatione,
1354 2303 1417 2366 Ca-

245 2409 311 2472 roli
326 2430 334 2470 :

300 2567 325 2637 I,
344 2586 372 2624 v.
390 2569 446 2622 273
465 2587 471 2620 :
500 2610 836 2627 ...........
863 2585 974 2639 ungues

390 2666 564 2720 Immodieos
579 2670 650 2721 raris
666 2685 730 2720 eum
747 2666 898 2720 dentibus¹
904 2708 962 2725 .....

287 2827 395 2888 Veuio
416 2843 505 2887 nunc
528 2826 569 2887 ad
592 2828 892 2906 Renatun1‚cujns‚
912 2835 947 2888 ut
970 2846 1029 2906 par
1048 2834 1127 2907 erat,
1144 2826 1233 2889 omni
1256 2826 1355 2888 laude
1381 2830 1418 2891 in

243 2934 398 2995 Naneet'de
413 2941 571 2994 ornantur
585 2932 734 3012 virtutes,
752 2933 870 3012 pietas,
886 2933 923 2993 iu
942 2934 1089 3013 adversis
1111 2934 1306 3014 constantie,
1321 2932 1418 2997 forti·

243 3038 332 3118 tudo,
355 3040 468 3117 patriae
490 3041 608 3102 caritas
630 3049 662 3101 et
686 3057 764 3116 erga
786 3040 1008 3116 Lotharingos
1028 3058 1129 3103 umor.
1155 3038 1262 3111 Quem
1279 3041 1350 3119 jem
1375 3044 1418 3105 ab

243 3146 341 3208 initio
358 3148 519 3226 poematis
535 3149 572 3209 in
587 3166 686 3210 eausa
704 3165 836 3226 aequum
859 3153 890 3208 et
913 3148 1036 3208 bonum
1054 3145 1209 3208 habuisse
1223 3147 1417 3227 firmissime

242 3259 448 3314 asseveratur
464 3274 471 3313 ε

281 3408 308 3481 1,
324 3427 353 3464 v.
371 3410 428 3464 264
442 3427 485 3480 sq.
501 3429 507 3463 :

391 3547 698 3566 ..........
722 3508 804 3563 Prior
819 3509 869 3563 sed
884 3509 1014 3579 quisquis
1028 3508 1152 3562 amicum

390 3604 513 3674 Mordet,
532 3603 621 3658 habet
636 3605 714 3658 solus
729 3612 908 3675 rumpentem
923 3605 1034 3660 foedera
1048 3606 1175 3675 eulpam.

389 3699 484 3769 ,Culpa
498 3718 552 3754 neo
567 3707 611 3755 est
626 3703 687 3771 ejus
702 3703 752 3773 qui
765 3703 794 3758 vi
809 3703 866 3758 vim
880 3701 972 3772 pellit,
990 3708 1017 3756 et
1031 3708 1099 3757 ante

387 3799 491 3852 Pressa
506 3816 607 3852 manus
622 3799 680 3852 urit
690 3801 756 3869 jure
770 3800 827 3853 hoo
841 3801 935 3855 urtica
949 3806 1120 3870 prementes.

283 3884 332 3948 Cf.
350 3893 406 3961 III,
422 3913 451 3952 v.
471 3896 547 3950 785:
566 3896 688 3950 Justitia
703 3895 767 3950 telis
781 3897 874 3967 ipsum
889 3897 966 3951 hune
981 3901 1109 3952 armante
1124 3898 1289 3953 tremendis.
1302 3875 1305 3880 .

281 3994 307 4062 Ι,
324 4013 353 4052 v.
372 3995 430 4048 356
444 4013 451 4047 :
469 3994 581 4048 Debilis
597 4000 627 4049 at
641 4013 724 4051 nemo
740 4002 783 4050 est
798 4013 881 4065 quem
897 3998 999 4051 summi
1008 3999 1088 4066 justa
1103 3997 1246 4053 Tonantis

464 4091 553 4145 Arma
568 4097 681 4163 tegunt.
698 4093 763 4148 Fiet
777 4092 861 4148 fortis
875 4093 925 4162 qui
939 4093 1042 4148 militat
1056 4111 1167 4165 aequus.

277 4374 298 4423 l.
316 4373 355 4423 Cf.
372 4373 412 4424 De
429 4373 556 4433 Boronto,
573 4387 616 4436 op.
633 4376 688 4435 cit„
705 4379 723 4422 t.
739 4373 788 4432 XI,
804 4387 831 4437 p.
850 4374 893 4424 158
910 4391 915 4421 ε
935 4392 944 4418 α
1047 4374 1118 4424 deux
1134 4375 1213 4425 dents
1228 4375 1274 4439 qui
1288 4374 1326 4423 lui
1341 4388 1417 4426 man-

247 4461 256 4487 «
275 4443 395 4507 qument,
412 4445 508 4508 depuis
528 4458 582 4493 une
604 4443 685 4492 ohute
701 4442 765 4507 qu'il
784 4445 855 4494 nvait
869 4445 948 4503 leiim
968 4458 1012 4494 ses
1033 4444 1125 4507 ongles
1145 4445 1207 4510 qu'il
1226 4447 1297 4496 avait
1310 4445 1336 4495 la
1350 4459 1416 4495 cou-

246 4531 255 4557 α
273 4517 346 4564 turne
363 4515 396 4565 de
412 4519 506 4578 porter
519 4515 579 4578 plus
594 4514 671 4578 longs
686 4515 837 4578 qu'nneune
853 4529 988 4578 personne
1005 4516 1038 4565 de
1053 4530 1083 4564 so
1097 4531 1164 4566 oour
1169 4553 1236 4567 .....
1257 4535 1267 4561 l
