3306 5468
307 690 467 763 Quamvis
491 689 673 753 salebrosos
693 709 807 754 versus
826 691 949 753 multos
969 691 1005 752 in
1024 692 1177 754 Naucrate
1195 689 1292 766 facile
1314 690 1433 767 depre-

259 798 361 860 hendi
380 813 475 876 posse
487 796 561 875 jure
578 798 856 879 contenderimus,
873 798 1086 877 periniquum
1104 805 1214 859 tamen
1229 796 1432 858 haberemus

259 923 333 966 eam
348 921 414 964 non
429 902 586 964 adhibere
606 905 858 982 correctionem,
881 920 947 964 non
966 921 1087 983 paucos
1103 921 1366 982 quoqueversus
1382 902 1433 962 ibi

258 1010 478 1071 animadverti
487 1008 700 1071 vehementes
712 1019 743 1071 et
758 1011 929 1071 nervosius
944 1027 1128 1090 expressos,
1140 1011 1199 1089 qui
1214 1009 1346 1071 concisa
1355 1008 1431 1069 bre·

256 1117 356 1178 vitate
372 1115 512 1179 valeant.
532 1116 672 1196 Aliquot
688 1116 837 1196 exempla
851 1116 1028 1196 producam
1046 1137 1054 1176 ε

303 1221 440 1283 Carolus
455 1221 502 1282 ait
519 1241 527 1282 :

297 1389 323 1458 I,
338 1404 367 1447 v.
385 1388 442 1442 326
460 1405 466 1440 r
484 1387 551 1441 Non
566 1392 726 1443 atramento
742 1395 890 1459 exspectet
905 1406 959 1443 nec
974 1389 1116 1442 arundine
1130 1388 1215 1443 rebus

482 1487 663 1555 Responsum
679 1503 765 1556 super
779 1485 841 1555 his3
858 1485 944 1539 rubro
960 1504 1098 1557 responsa
1111 1502 1213 1539 cruore

482 1581 627 1652 Accipiet,
645 1600 708 1652 quae
725 1600 789 1636 mox
804 1601 872 1638 ense
888 1590 917 1638 et
933 1584 1091 1638 scribemus
1105 1587 1134 1637 et
1147 1582 1239 1639 hasta.

315 1679 341 1748 l,
358 1698 387 1738 v.
404 1681 441 1734 56
460 1699 466 1731 :
488 1721 959 1740 .................
973 1686 1001 1734 et
1016 1696 1094 1733 arma
1108 1678 1215 1732 Renati

482 1777 643 1830 Extulimus
659 1778 742 1846 caelo,
759 1777 855 1847 fragili
870 1796 922 1847 pro
937 1777 1067 1848 principe
1082 1776 1183 1832 fortes.

301 1935 350 1996 De
366 1935 492 1996 Renato
509 1934 695 1999 Nanceium
710 1938 881 1999 obsidente
900 1958 907 1998 :
923 1993 926 1999 .

296 2104 335 2178 II,
349 2123 377 2162 v.
394 2104 472 2160 438:
489 2105 568 2176 Ergo
585 2123 665 2160 suam
680 2105 814 2176 princeps
829 2106 913 2161 armis
930 2123 1014 2178 quam
1030 2107 1158 2161 cinxerat
1171 2105 1270 2160 urbem

484 2201 654 2273 Oppugnat,
672 2204 808 2275 civesque
821 2206 913 2260 bonos
927 2203 1035 2258 invitus
1049 2210 1081 2258 ut
1094 2203 1193 2259 hostes

483 2299 591 2354 Atterit
606 2308 692 2372 atque
706 2302 765 2357 suis
779 2307 869 2356 semet
883 2301 1014 2356 mutilare
1027 2301 1150 2371 flagellis

483 2395 615 2467 Cogitur.
632 2397 719 2468 Isque
734 2416 799 2453 suas
815 2416 878 2452 cum
891 2398 1006 2468 templis
1021 2397 1117 2453 obruit
1132 2400 1207 2453 aedes

482 2492 520 2547 Et
535 2494 644 2549 lacerat
658 2500 751 2549 turres
764 2495 794 2550 vi
806 2494 947 2564 fulminis,
963 2512 997 2548 ac
1013 2513 1064 2548 sua
1077 2501 1173 2550 vastat

482 2589 601 2661 Moenia,
616 2592 658 2647 sic
671 2593 746 2647 bello
762 2593 827 2663 pius
842 2600 871 2648 et
886 2593 1011 2648 crudelis
1025 2594 1125 2647 eodem
1141 2599 1195 2648 est.
1285 2631 1287 2634 ι

296 2687 333 2756 V,
344 2705 371 2746 v.
388 2689 466 2742 292:
488 2733 494 2744 .
519 2737 524 2748 ,
547 2733 554 2747 .
575 2691 652 2745 Mors
667 2691 737 2761 quid
753 2693 789 2746 sit
804 2692 888 2746 vivax
903 2707 1061 2761 agnoscere
1075 2690 1185 2747 vultis?

485 2785 620 2856 Corporis
634 2787 697 2841 haee
712 2805 770 2841 non
786 2793 830 2842 est
844 2788 894 2842 sed
907 2787 969 2842 laesi
983 2789 1088 2843 vulnus
1102 2786 1229 2845 honoris.

301 2944 484 3006 Verborum
502 2945 574 3025 ipso
591 2963 670 3007 sono
692 2953 723 3006 et
744 2948 844 3008 metri
866 2947 1082 3028 dispositione
1105 2947 1270 3009 interdum
1284 2965 1337 3008 res
1351 2966 1431 3009 nar-

257 3059 328 3113 rata
342 3052 556 3130 exprimitur:

293 3220 349 3288 III,
364 3238 391 3275 v.
410 3221 467 3275 172
486 3240 492 3274 z
518 3264 543 3277 ..
558 3266 563 3276 .
578 3264 585 3277 .
598 3225 642 3278 ,et
658 3221 782 3276 stridens
794 3222 900 3293 jaculis
915 3227 1007 3277 scatet
1021 3220 1135 3278 acribus
1151 3239 1211 3279 aar.

301 3377 352 3440 Gi.
371 3377 531 3463 111,321‚
550 3388 612 3443 etc.

302 3485 386 3547 Cum
402 3505 440 3547 ex
456 3486 511 3567 iis,
529 3495 600 3548 tum
616 3505 653 3547 ex
669 3506 766 3567 supra
780 3487 922 3550 laudatis
934 3489 1092 3569 exemplis
1102 3488 1315 3568 probabiliter
1326 3487 1429 3549 confi·

256 3590 342 3652 citur
361 3591 495 3652 Petrum
515 3590 554 3653 de
575 3593 674 3656 Blaro
695 3595 794 3676 Rivo,
817 3597 927 3673 quoad
945 3597 986 3658 ad
1007 3613 1193 3658 sermonem
1212 3601 1243 3656 et
1262 3593 1431 3673 poeticam
1519 3604 1522 3609 ’

256 3704 360 3758 artem
376 3704 510 3778 spectat,
528 3716 595 3760 non
610 3699 765 3761 vitiorum
775 3702 907 3781 quidem
924 3701 1033 3763 labem
1049 3701 1203 3778 effugisse
1219 3699 1339 3778 quibus
1353 3697 1429 3760 haec

256 3810 333 3864 aetas
355 3803 602 3884 inquinabatur,
621 3806 679 3867 sed
699 3807 787 3869 haud
800 3827 873 3870 raro
892 3807 1076 3887 aequalibus
1096 3807 1166 3868 suis
1185 3804 1381 3884 praestitisse
1397 3814 1430 3866 et

222 3939 224 3943 ·
257 3910 483 3972 emendatiore
503 3910 700 3992 plerumque
721 3915 884 3994 dictione,
908 3923 940 3977 et
959 3913 1164 3990 imaginandi
1182 3912 1215 3974 vi
1234 3911 1376 3991 quadam
1394 3919 1429 3972 et

256 4013 292 4074 in
308 4014 492 4094 eloquendo
507 4017 728 4082 vehementia.
748 4019 812 4082 Cui
828 4021 869 4101 si,
886 4019 1036 4081 feliciore
1055 4028 1201 4098 tempore
1216 4024 1291 4079 nato
1301 4015 1429 4078 sanitas

258 4122 417 4183 orationis
433 4131 465 4185 et
480 4123 633 4188 limatum
644 4127 810 4206 judicium
829 4127 1012 4205 modusque
1031 4125 1259 4205 contigissent,
1275 4140 1341 4184 non
1355 4141 1431 4184 om·

257 4226 337 4287 nino
353 4227 510 4306 indignus
527 4231 692 4294 videretur
706 4232 764 4309 qni
779 4233 867 4292 inter
880 4232 1082 4293 recentiores
1097 4231 1220 4293 latinos
1236 4231 1426 4310 scriptores,

257 4348 372 4393 vereor
387 4332 495 4394 dicere
509 4342 634 4415 poetas,
652 4335 730 4397 satis
746 4336 885 4401 honesto
899 4345 1077 4416 poneretur
1094 4336 1180 4399 loco.
1299 4311 1306 4325 ⁶

732 4578 866 4586 ...αι-ιο...-
869 4579 942 4587 ..μω-
