3306 5468
452 714 602 776 Ascribas.
621 715 724 773 Subita
738 723 782 774 est
793 735 893 790 regum
908 717 932 773 si
946 716 1071 785 sanctia·
1084 733 1166 787 reges

454 812 500 868 Ad
515 815 706 885 gladiatorum
720 815 820 872 titulos
835 815 971 870 accedere
985 813 1093 870 tristor.

285 962 388 1025 Vides
403 981 503 1043 quarn
521 984 684 1047 expresse,
701 966 832 1028 creditis
846 965 938 1042 vulgi
954 945 994 1027 de
1016 966 1187 1028 Ludovioo
1204 968 1403 1050 rumoribus,

239 1071 392 1132 carnifice
404 1069 477 1152 ipso
488 1073 707 1135 crudeliorem
717 1074 843 1150 Regem
856 1072 1111 1135 Francorumibi
1126 1052 1261 1151 'effingat
1276 1081 1400 1137 noster.

283 1177 333 1239 De
349 1179 523 1242 Frederico
533 1180 727 1260 imperatore
741 1197 841 1258 pauca
852 1169 1050 1242 exNuaceidc
1060 1197 1232 1257 excerpere
1243 1179 1332 1261 licet,
1343 1182 1404 1243 cui

239 1283 372 1346 laudem
397 1303 463 1348 non
487 1287 627 1364 denegat
642 1288 773 1367 Petrus,
792 1285 849 1347 sed
866 1285 947 1347 vitio
962 1284 1060 1346 vertit
1074 1293 1184 1347 tamen
1198 1284 1404 1365 quod'nirnis

240 1389 355 1452 faciles
370 1392 391 1454 J
394 1392 563 1457 udaeorum
578 1395 729 1456 consiliis
744 1410 839 1454 aures
853 1391 1048 1471 praebuerit:

258 1556 261 1559 ’
282 1529 389 1620 Nona,
405 1550 431 1622 I,
445 1568 473 1610 v.
491 1550 550 1606 414
564 1568 629 1621 sq.:
849 1625 851 1629 ἲ

451 1687 855 1708 .............
879 1647 923 1703 De
938 1646 1051 1702 Caesare
1066 1646 1146 1702 nulla

449 1745 539 1801 Fama
553 1746 609 1801 fuit
622 1745 679 1800 nisi
692 1762 764 1800 sana
778 1745 892 1816 quidem
908 1750 937 1800 et
950 1745 1065 1801 virtutis
1079 1747 1185 1800 amicta

452 1842 592 1899 Omnibus
607 1845 642 1897 ad
656 1860 756 1898 verum
771 1843 889 1914 gemmis
904 1844 1054 1898 ethonore
1069 1860 1234 1902 coruscans.

451 1942 580 2000 Auribus
595 1949 640 1999 ast
653 1946 714 2015 ejus
729 1961 801 2016 gens
817 1943 987 1998 circumcisa
1001 1943 1122 1998 sonabat

451 2040 596 2099 Crebrius.
614 2042 678 2096 Hoc
693 2043 819 2111 dempto,
835 2041 900 2111 quis
913 2041 948 2096 de
963 2041 1133 2095 mortalibus
1149 2043 1223 2096 alter

449 2139 579 2212 Regibus
591 2138 726 2210 Augusto
741 2156 771 2193 ee
786 2157 845 2193 non
858 2142 1045 2209 postponeret
1057 2137 1129 2193 isti?

284 2289 376 2351 Inter
394 2297 518 2352 ceteras
537 2289 698 2370 poematis
712 2307 866 2368 personas
892 2290 1016 2351 eminet
1041 2289 1182 2352 Nanceii
1203 2289 1403 2366 Burgundus

241 2395 413 2474 praelectus
430 2396 708 2476 Rubenspratum,
725 2397 779 2457 cui
794 2397 928 2458 meritas
938 2397 1052 2458 laudes
1064 2403 1096 2458 et
1109 2396 1255 2458 historiae
1267 2413 1405 2458 consen·

202 2585 205 2588 ἦ
245 2511 356 2564 laneas
378 2503 525 2582 impertit
552 2511 666 2566 noster
689 2512 820 2582 propter
839 2503 886 2564 ita
910 2521 1003 2582 aeque
1030 2512 1060 2564 et
1081 2502 1262 2564 clementer
1281 2511 1407 2565 rectum

243 2607 427 2670 Nanceium
443 2617 478 2670 ut
495 2628 533 2671 er
547 2610 626 2671 urbe
642 2610 753 2671 dedita
773 2617 946 2672 exeuntem
968 2611 1055 2672 cives
1074 2609 1221 2670 lacrimis
1241 2611 1406 2690 prosecuti

241 2733 312 2776 esse
338 2715 488 2777 dicantur
511 2711 573 2798 (II,
599 2713 663 2779 698
689 2714 766 2797 sq.).
802 2701 906 2795 Cujus
928 2717 965 2776 in
988 2734 1096 2795 pugna
1120 2716 1206 2795 apud
1229 2715 1404 2778 larvillam

242 2818 342 2879 occisi
356 2817 464 2896 ample
486 2817 692 2880 celebrantur
707 2819 842 2880 virtutes
859 2813 985 2901 (Nune,
1001 2816 1063 2898 VI,
1081 2813 1145 2879 955
1163 2813 1240 2901 sup),
1258 2825 1290 2879 et
1309 2819 1345 2878 in
1365 2834 1403 2880 eo

244 2923 386 3000 effigiem
402 2924 504 2986 habes
521 2924 657 3003 perlecti
672 2925 805 3002 equitis,
819 2924 873 2985 cui
887 2923 1044 2985 fortitudo
1061 2923 1287 3003 sapientiaque
1304 2923 1403 2986 simul

242 3028 451 3106 contigerunt
471 3043 532 3092 nee
551 3031 664 3096 minus
679 3029 817 3109 justitiae
837 3046 928 3090 amor
951 3036 983 3090 et
1007 3045 1082 3105 erga
1102 3029 1208 3090 victos
1230 3028 1403 3108 placabilis

241 3135 381 3200 animus

284 3241 354 3303 Nec
369 3242 476 3319 magis
498 3241 631 3304 silentio
652 3228 872 3320 praetereundi
894 3249 970 3303 sunt
990 3259 1080 3302 acres
1101 3259 1138 3303 ac
1161 3243 1288 3303 strenui
1311 3243 1403 3304 urbis

242 3348 431 3410 defensores
456 3334 625 3412 Menelaus
643 3350 780 3428 ejusque
796 3349 895 3409 irater
911 3347 1108 3410 Gratianus¹
1126 3344 1199 3431 (IV,
1217 3345 1282 3411 325
1300 3346 1402 3432 sq.)²,

241 3472 346 3532 neque
365 3454 460 3515 sortis
481 3453 541 3515 ille
564 3462 596 3516 et
610 3452 714 3516 audax
729 3455 912 3516 Mirecurtii
927 3453 1037 3515 incola
1051 3455 1109 3533 qui
1126 3456 1268 3517 obsessis
1284 3456 1404 3518 Renati

240 3560 392 3621 mandata
408 3560 534 3641 retulit,
552 3561 691 3623 summis
706 3560 802 3622 aditis
817 3560 1077 3621 discriminibus.
1094 3561 1173 3640 Ejus
1192 3578 1268 3623 vero
1284 3579 1405 3623 nomen

240 3666 357 3727 reticet
376 3665 504 3746 Petrus,
526 3667 613 3747 quod
636 3667 840 3728 tradiderunt
860 3665 1042 3727 Annalium
1058 3668 1231 3746 scriptores
1241 3666 1264 3749 ³,
1287 3677 1318 3730 et
1333 3668 1405 3730 haec

240 3781 367 3835 tantum
381 3775 427 3836 ait
439 3795 446 3836 :

274 4030 295 4079 1.
311 4031 424 4079 Maneat
440 4032 466 4079 et
483 4032 597 4080 Gratiae
611 4029 767 4092 d’Apaerre.

269 4101 292 4150 2.
308 4099 424 4151 Menelai
438 4101 555 4152 infausta
569 4114 627 4151 sors
641 4101 679 4151 ibi
693 4099 858 4165 praedicitur,
913 4165 942 4205 vt
972 4168 981 4203 t

559 4192 900 4206 ..................
943 4175 971 4204 ve
982 4193 988 4216 ,

557 4227 621 4267 Saeva
630 4227 681 4277 plus
691 4227 750 4266 latlae
759 4227 816 4266 vitet
825 4227 845 4265 sl
854 4227 935 4276 poeula
943 4226 1039 4267 nasuta.

272 4303 282 4331 r
298 4286 353 4337 Iste
368 4286 506 4337 Menelaus
521 4291 582 4350 post
596 4283 782 4336 Nanneianum
793 4285 893 4336 bobum
908 4298 924 4334 a
938 4284 1032 4335 Garolo
1045 4288 1139 4334 octavo
1153 4297 1217 4347 rege
1229 4283 1404 4342 Francorum,

242 4373 251 4400 r
268 4360 390 4421 tempore
401 4357 548 4407 Alexandri
557 4370 635 4421 papae
647 4356 729 4416 Serti,
742 4355 845 4409 Ostiam
856 4356 992 4406 civitatem
1002 4368 1051 4419 pro
1061 4356 1119 4418 ipso
1127 4354 1219 4405 Carolo
1231 4368 1295 4418 rege
1306 4355 1403 4413 tenuit,

242 4443 252 4471 ι(
270 4432 297 4477 et
317 4429 407 4478 nautis
429 4428 487 4479 illac
503 4429 706 4480 transeuntibus
727 4429 894 4493 Romamque
914 4427 1071 4492 petentibus
1090 4426 1221 4477 tributum
1239 4426 1374 4490 imposuit.
1393 4442 1403 4471 a

242 4497 274 4561 (J.
291 4499 383 4550 Basini
398 4501 544 4558 annotatio,
561 4499 602 4550 ed.
620 4500 698 4562 1518.)

271 4571 293 4620 3.
311 4571 382 4621 Huic
401 4572 515 4636 Tbierry
529 4585 628 4620 nomen
643 4575 708 4621 erat.
