3306 5468
667 541 843 607 ,14-

174 692 294 753 deinde
311 693 514 752 Grammatico
527 690 662 766 piperata
678 683 835 769 (Mnlxt,
854 706 872 748 a
888 687 1039 750 Philesio
1055 689 1271 770 composita¹‚
1288 691 1348 752 de-

174 800 276 876 nique
294 799 397 856 Reae-ti
411 798 445 856 ll
458 799 521 856 uita
542 787 671 876 (Mox)
686 793 741 854 vel
754 796 862 873 potius
879 793 1039 873 laudatio,
1056 795 1076 856 J
1079 797 1195 857 oannis
1211 796 1349 876 Aloysii

174 921 267 982 opus,
285 901 374 980 quod
390 900 539 960 Andreas
556 899 720 975 Reginius
734 899 928 978 publicavit,
950 898 1021 959 Alii
1043 901 1144 962 etiam
1163 900 1241 962 libri
1259 919 1348 980 prae-

173 1009 372 1088 parabantur
392 1005 444 1066 vel
469 1005 504 1065 in
529 1022 567 1066 eo
593 1013 684 1065 erant
710 1011 745 1065 ut
770 1006 857 1084 typis
879 1006 1125 1085 mandarentur,
1156 1015 1192 1068 ut
1212 1009 1347 1089 Nauaris

174 1122 285 1175 nostra
300 1120 331 1174 et
345 1112 528 1191 praesertim
544 1111 743 1173 Ptolemaeus
760 1110 861 1172 latine
877 1112 1055 1173 translatus
1067 1111 1090 1192 ²,
1104 1113 1137 1172 in
1155 1116 1347 1193 quaomnia

180 1219 291 1280 studia
301 1217 423 1293 figebat
439 1217 623 1296 Philesius,
641 1216 872 1297 adjuvantibus
890 1215 1100 1296 Hylacomilu
1115 1226 1146 1279 et
1162 1218 1347 1281 Gualthero

174 1326 259 1404 Lud,
279 1341 354 1385 uum
372 1331 567 1403 praematuro
588 1323 678 1382 exitu
699 1323 902 1400 interceptus
923 1331 972 1384 est
989 1320 1136 1407 (MDXI)
1154 1326 1207 1386 vix
1225 1343 1348 1388 novem

175 1439 207 1493 et
222 1431 343 1509 viginti
358 1448 462 1490 anrros
477 1438 584 1508 natus,
599 1429 721 1506 dignus
738 1446 816 1489 sane
831 1430 887 1490 cui
902 1430 968 1491 vita
983 1430 1116 1508 longior
1131 1432 1342 1509 contigisset.

172 1535 247 1597 Jam
263 1536 339 1596 inde
350 1534 480 1594 nullum
492 1533 615 1594 librum
628 1535 754 1611 peperit
769 1533 942 1595 Gualtheri
956 1535 1027 1596 [illd
1037 1535 1182 1619 officina,
1198 1538 1257 1615 qui
1270 1538 1346 1617 ipse

174 1657 261 1702 anno
277 1638 476 1700 MDXXVll
494 1639 588 1700 obiit.

218 1747 281 1806 His
297 1744 465 1806 sodalibus
481 1763 561 1805 usus
577 1752 624 1805 est
643 1745 759 1806 Petrus
783 1746 822 1806 de
842 1744 941 1806 Blaro
961 1745 1058 1807 Rivo.
1078 1747 1248 1819 Quatenus
1266 1767 1347 1811 vera

173 1853 217 1913 iis
232 1851 383 1913 laborum
403 1850 438 1909 in
458 1857 584 1930 partem
604 1851 733 1911 venerit
754 1868 820 1910 nou
842 1851 920 1911 satis
944 1849 1084 1930 liquet⁸.
1107 1851 1181 1914 Non
1195 1853 1347 1916 dubitare

174 1967 284 2020 tamen
300 1957 378 2018 licet
394 1973 471 2017 eum
492 1958 642 2034 gnaviter
664 1956 846 2036 Gymnasio
866 1957 1051 2033 Vosagensi
1071 1975 1202 2036 operam
1218 1960 1346 2040 praesti-

176 2065 266 2145 tisse,
285 2070 316 2123 et
332 2063 367 2122 in
383 2062 446 2123 hoc
463 2063 633 2124 doctorum
651 2063 795 2124 virorum
807 2060 948 2137 collegio
959 2063 1044 2125 hanc
1056 2064 1120 2125 sibi
1135 2066 1348 2143 peculiariter

177 2167 381 2246 provinciam
397 2167 582 2245 suscepisse
595 2174 632 2229 ut
648 2169 800 2228 Latinam
816 2174 847 2228 et
861 2167 944 2228 sorte
958 2166 1122 2230 Gallicam
1132 2188 1262 2250 quaque
1274 2172 1346 2234 Mu-

177 2291 248 2334 sam
263 2272 395 2333 coleret.
416 2271 542 2333 Praeter
556 2273 646 2333 enim
662 2272 810 2351 amplum
824 2272 887 2334 hac
901 2276 1069 2335 Naueeidas
1086 2293 1167 2354 opus
1183 2278 1236 2338 cui
1251 2294 1347 2338 cons·
1419 2357 1421 2363 Ι

175 2379 329 2441 cribendo
353 2397 413 2457 per
435 2379 558 2440 multos
582 2395 685 2439 annos
710 2379 914 2460 invigilavit,
939 2381 1093 2442 feruntur
1113 2382 1347 2460 aliaquaedam

175 2488 287 2549 brevia
303 2487 374 2566 ejus
390 2486 547 2565 carmina,
568 2488 712 2565 primum
733 2504 740 2544 :
762 2488 960 2547 stultitiarum
978 2490 1015 2547 iu
1034 2492 1133 2548 caucis
1153 2493 1346 2568 captivarum

175 2597 279 2671 capia,
298 2611 432 2670 quarum
446 2594 519 2654 duur
529 2595 640 2653 uiueret
651 2601 770 2651 statutor
779 2610 1000 2668 nonuunquam
1009 2596 1069 2669 suit
1081 2604 1107 2654 et
1117 2596 1210 2656 libeas
1220 2595 1344 2679 alitor⁴,

176 2700 295 2761 deinde
321 2699 385 2759 duo
406 2699 523 2776 hymni
548 2698 583 2757 in
607 2697 769 2757 honorem
785 2698 890 2758 sancti
912 2697 1066 2759 Deodati.
1084 2697 1230 2771 Quorum
1253 2702 1347 2779 prior

174 2806 347 2868 duodecim
359 2804 526 2883 sapphicis
538 2802 681 2881 strophis
697 2804 838 2881 scriptus
850 2805 1106 2881 parastichidem
1122 2807 1257 2886 praebet,
1269 2825 1346 2870 cum

174 2930 214 2975 ex
232 2910 429 2990 capitalibus
444 2909 565 2970 litteris
580 2908 652 2969 haec
674 2908 836 2970 resultent
859 2912 979 2971 verba:
1000 2912 1108 2972 Sancte
1126 2915 1251 2974 deodate
1267 2933 1345 2991 pra-

174 3021 235 3095 sul,
256 3017 406 3078 intercede
426 3034 484 3094 pro
506 3018 565 3076 tuis
581 3016 730 3093 fidelibus.
755 3018 859 3076 Arnen.
876 3015 918 3075 In
939 3015 1043 3077 altero
1066 3026 1176 3079 autem
1198 3022 1344 3106 quinque

175 3123 384 3202 stropharum
408 3119 627 3200 octosyllabos
656 3138 770 3207 versus
798 3121 845 3180 ita
873 3121 1037 3200 disposuit
1068 3124 1183 3186 Petrus
1213 3133 1249 3186 ut
1278 3125 1344 3188 duo

173 3230 332 3292 similiter
347 3229 536 3290 desinentes
551 3228 638 3287 inter
652 3227 734 3288 duos
751 3228 904 3288 eumdem
919 3229 1092 3290 reddentes
1110 3248 1228 3294 sanum
1242 3232 1345 3294 inter·

203 3537 222 3584 1.
239 3534 278 3584 Cf.
295 3533 438 3592 d'Avezac,
454 3547 497 3595 ap.
513 3536 570 3597 cit,
586 3547 613 3597 p.
632 3533 674 3582 lat
689 3546 729 3596 sq.

203 3605 336 3663 Schmidt,
352 3618 396 3667 up.
412 3607 468 3666 cii,
484 3609 502 3653 t.
520 3604 555 3662 ll,
570 3618 597 3668 p.
616 3605 659 3653 119
674 3617 715 3668 sq.

202 3673 312 3724 Nullum
324 3677 380 3739 jam
396 3679 482 3724 exstat
498 3676 691 3725 Grammaticus
702 3673 833 3736 flauratee
849 3676 998 3738 specimen,
1010 3691 1042 3727 ex
1058 3692 1112 3742 qua
1127 3679 1194 3729 illud
1209 3680 1281 3744 quod
1296 3681 1346 3731 Ar·

172 3746 306 3809 gentorati
328 3746 518 3795 asservabatur
537 3746 565 3794 in
584 3745 693 3807 publica
711 3744 875 3796 bibliotheca
894 3746 1007 3797 flammis
1022 3749 1149 3799 haustum
1166 3759 1215 3810 est,
1231 3751 1345 3801 saevien-

172 3816 245 3865 tibus
260 3817 288 3865 in
303 3816 433 3880 oppidum
449 3815 648 3876 obsessoribus,
664 3828 734 3864 anna
749 3815 954 3867 MDCCCLXX.

204 3888 310 3937 Praeter
323 3887 406 3936 libras
420 3901 503 3950 supra
518 3888 691 3936 enumeratos
705 3887 808 3935 nullum
823 3887 905 3937 alium
923 3892 1045 3953 reperire
1064 3895 1104 3941 est
1122 3891 1214 3942 Sancti
1230 3892 1345 3944 [laudati

173 3958 244 4021 typis
263 3958 434 4020 impressum.
451 3956 529 4007 Salus
551 3959 670 4009 Grauicr
684 3959 815 4016 (Histoire
834 3960 868 4009 de
884 3963 1034 4024 Salat-Die,
1053 3962 1120 4024 1836)
1137 3963 1277 4013 contendit
1287 3966 1345 4028 jam

172 4028 201 4077 in
220 4029 320 4095 ultimis
342 4029 509 4093 quindecimi
529 4030 623 4079 saeculi
644 4029 722 4079 annis
742 4029 814 4079 edita
835 4043 894 4080 esse
922 4031 1013 4082 Sancti
1034 4033 1149 4083 Deodati
1165 4049 1179 4084 a
1196 4033 1344 4084 Guslthero

173 4098 232 4147 Lud
244 4101 372 4162 excerpta
383 4099 508 4163 quaedam
518 4099 629 4148 moralia
643 4113 675 4148 ex
687 4099 800 4158 Seneca,
813 4100 958 4151 Plutarcho
970 4106 997 4151 et
1005 4102 1162 4154 Petrarcho.
1175 4103 1257 4167 Cujus
1269 4104 1344 4155 dubii

173 4168 297 4231 opusculi
310 4181 444 4233 nusquam
459 4169 524 4219 olias
538 4170 679 4219 memorati
694 4170 798 4219 nullum
812 4172 956 4234 vestigium
971 4176 1107 4237 superest.
1300 4231 1305 4238 ,

202 4237 226 4286 i.
243 4236 281 4286 Cl'.
298 4238 441 4298 d'Avezac,
456 4253 500 4302 up.
516 4241 570 4302 cit,
586 4253 612 4304 p.
632 4240 683 4299 lll,
699 4253 754 4304 sq.;
772 4239 904 4302 Schmidt,
920 4257 963 4306 ap.
980 4246 1036 4306 eit,
1052 4247 1072 4291 t.
1088 4242 1121 4301 ll,
1138 4258 1165 4307 p.
1184 4244 1235 4294 130.
1380 4280 1384 4286 ·

203 4307 226 4356 3.
243 4307 453 4366 cartanensis
469 4308 578 4371 Aloysia
594 4315 715 4372 rogante,
732 4310 841 4374 scripsit
855 4311 907 4361 hoc
919 4313 1143 4376 chronogramma
1154 4315 1226 4378 quod
1240 4315 1268 4363 in
1284 4317 1344 4368 Vita

172 4377 274 4426 Reaati
289 4377 396 4440 legitur.

203 4448 226 4496 l.
242 4447 319 4498 Hanc
336 4449 450 4513 elegiam
470 4451 576 4514 (decem
592 4450 717 4514 disticha)
733 4451 818 4502 edidit
832 4455 863 4502 F.
878 4454 977 4504 Sabatia
999 4455 1048 4517 (La
1062 4455 1211 4520 Naaciide,
1231 4461 1249 4506 t.
1265 4456 1300 4517 ll,
1315 4470 1341 4521 p.
