3306 5468
509 1032 603 1139 DE
651 1033 1022 1142 NANCEIDE

182 1415 376 1551 runt
402 1415 486 1549 uu
511 1413 725 1552 alluo
753 1416 909 1554 ruo
935 1414 1350 1558 rlutsuusrs

633 2278 898 2348 PROOEMIUM

221 2496 328 2578 Nemo
353 2507 401 2560 est
426 2516 526 2578 quem
552 2506 738 2582 praetereat,
766 2506 923 2575 vergente
944 2498 1015 2578 jam
1038 2497 1248 2579 quindecimo
1272 2505 1346 2577 post

179 2603 218 2666 C.
235 2601 279 2666 N.
303 2603 438 2685 saeculo,
460 2604 547 2688 circa
566 2603 706 2666 Nanceii
726 2606 850 2666 moenia
869 2605 980 2682 magui
995 2605 1156 2667 momenti
1172 2605 1345 2666 victoriam

176 2707 272 2770 illam
296 2728 314 2770 a
339 2711 465 2773 Renato
490 2710 524 2771 ΙΙ
548 2710 686 2773 relatam
710 2729 798 2792 esse,
824 2728 888 2790 qua
911 2711 946 2771 in
970 2718 1129 2771 aeternum
1154 2717 1290 2770 contusa
1315 2716 1347 2769 et

175 2815 277 2877 fracta
292 2823 341 2877 est
357 2816 550 2878 exsultantis
569 2816 826 2892 Burgundorum
839 2817 933 2877 ducis
949 2816 1097 2877 audacia.
1117 2815 1203 2877 Hinc
1219 2821 1346 2877 servata

175 2921 216 2983 ab
239 2922 376 2983 instanti
397 2922 546 3001 periculo
565 2922 793 3004 Lotharingia‚
821 2922 1012 2984 confirmata
1034 2921 1182 2983 Franciae
1203 2921 1291 2998 regis
1314 2927 1346 2981 et

175 3035 269 3089 aucta
284 3029 442 3111 potentia,
459 3028 596 3091 Austria
610 3036 702 3091 metu
717 3028 871 3108 liberata3
889 3028 968 3089 hinc
981 3045 1111 3108 quoque
1123 3028 1347 3089 clarissimum

70 3139 72 3143 ’
176 3133 241 3194 sibi
257 3134 355 3195 decus
370 3135 516 3197 Renatus
531 3135 760 3218 circumdedit,
778 3153 854 3196 cunr
868 3134 1024 3196 civilibus
1044 3141 1114 3195 tum
1133 3133 1265 3196 bellicis
1281 3136 1355 3203 vir-¹

175 3238 301 3300 tutibus
323 3248 493 3319 praestans,
517 3241 605 3302 intra
625 3240 859 3301 brevissimum
881 3246 1010 3318 ternpus
1032 3241 1143 3300 attrita
1164 3240 1293 3316 ingenti
1314 3245 1347 3300 et

175 3343 267 3421 regia
286 3344 488 3422 Burgundiae
510 3347 628 3426 domo,
649 3363 722 3424 quoe
743 3347 780 3406 in
801 3363 967 3406 summum
988 3345 1160 3421 fastigium
1179 3360 1346 3404 emersura

176 3449 359 3512 videbatur.
388 3451 530 3528 Egregia
549 3469 627 3514 vero
648 3453 721 3514 haec
744 3457 776 3512 et
797 3453 963 3528 insperata
984 3449 1119 3511 victoria
1141 3450 1304 3527 quomodo
1327 3467 1346 3510 a

175 3554 389 3633 Lotharingis
405 3556 567 3618 celebrata
579 3557 693 3638 fuerit,
707 3565 738 3618 et
748 3557 867 3636 quihus
883 3574 940 3616 seu
950 3556 1071 3617 artium
1086 3573 1145 3616 seu
1159 3555 1345 3616 litterarum

176 3663 401 3723 monumentis
411 3663 581 3724 memoriae
593 3663 758 3744 mandata,
771 3660 942 3723 nonnullis
954 3663 1039 3722 inter
1049 3662 1159 3723 doctos
1174 3661 1345 3740 inquirere

175 3766 314 3846 placuit.
335 3767 416 3840 Quae
434 3770 509 3849 jure
528 3768 682 3848 pauciora
702 3776 733 3830 et
752 3767 888 3848 leviora,
911 3785 969 3847 pro
988 3767 1038 3827 rei
1060 3767 1290 3843 magnitudine
1316 3776 1346 3827 et

176 3874 319 3954 pondere
343 3874 529 3936 existimata
551 3882 628 3936 sunt
641 3875 661 3934 ⁸.
686 3874 801 3954 Excipi
824 3884 932 3935 tamen
949 3891 1008 3953 par
1026 3881 1074 3934 est
1093 3872 1156 3934 hoc
1179 3873 1345 3950 «insigne

178 4003 193 4034 ι
219 3983 389 4043 Noucct'dos
415 3999 495 4060 opus
520 4007 551 4062 ι,
574 3988 610 4042 ut
633 3981 812 4059 aequalium
832 3981 930 4042 verba
952 3997 1121 4060 usurpem,
1144 3997 1163 4040 a
1185 3978 1282 4040 Petro
1305 3980 1344 4040 de

209 4302 231 4351 1.
251 4319 264 4351 ‚r
282 4301 321 4352 La
340 4300 433 4365 poesie
453 4307 480 4353 et
498 4301 666 4367 l'eloqnonce
686 4302 846 4352 semblaicnt
865 4301 958 4351 devoir
976 4301 1069 4364 puisor
1083 4299 1149 4349 dans
1168 4299 1192 4347 le
1209 4299 1345 4348 controsto

178 4389 188 4417 ι
206 4371 288 4422 d’une
308 4373 372 4422 telle
391 4374 499 4422 fortune
520 4377 548 4422 et
566 4372 646 4422 d’une
662 4373 724 4422 telle
744 4372 842 4422 misere
857 4372 975 4436 quelque
994 4373 1077 4421 hauto
1093 4374 1120 4420 ot
1138 4370 1218 4418 noble
1234 4370 1345 4433 inspiro·

179 4459 189 4488 α
206 4443 272 4502 tion,
293 4443 411 4508 quelque
427 4443 509 4494 chose
531 4444 688 4506 d’analoguc
707 4443 723 4492 d
739 4457 769 4493 ce
785 4441 958 4508 qu'eveillera
977 4443 1036 4506 plus
1056 4441 1124 4499 trud,
1141 4441 1207 4490 chez
1227 4453 1305 4498 nous,
1320 4441 1346 4490 lo

178 4532 188 4560 t
208 4516 290 4566 ohute
311 4516 345 4567 de
365 4515 505 4580 Napoleon
523 4516 567 4566 Iflr.
583 4516 604 4566 Il
618 4517 680 4567 n'en
695 4518 735 4566 sut
750 4517 817 4567 rien.
835 4534 844 4562 r
863 4516 996 4579 (Lenient‚
1014 4518 1053 4565 Lu
1067 4514 1162 4564 Poc'rte
1172 4516 1346 4578 patriciique

179 4598 213 4636 en
227 4589 345 4650 Frouce,
360 4601 387 4650 p.
403 4587 457 4637 449.
473 4585 616 4645 Hochette‚
635 4587 712 4650 1891.)

281 4697 315 4727 Μ
329 4697 462 4730 ΠΔΝΟΕΙΟΕ.
1226 4686 1238 4722 l
