3306 5468
725 542 903 612 ...48-

270 686 318 745 cf.
334 690 443 758 Naue,
459 689 512 761 VI,
529 691 585 743 331
602 707 667 761 sqz

444 827 820 847 ............
843 786 934 841 Ducis
949 802 1016 840 ecce
1029 783 1135 841 Renati

446 882 523 938 Cura
538 885 612 955 regit
627 891 759 941 cunctos.
777 884 900 955 Legioni
915 900 1039 955 namque
1051 883 1176 953 pedestri

442 983 492 1035 Bis
508 982 738 1052 quadringentos
753 982 865 1052 equites
879 981 1049 1052 adjunxerat
1062 980 1134 1051 ipse.

441 1078 561 1132 Arduus
575 1079 629 1133 hos
645 1079 733 1148 inter,
751 1085 890 1150 tanquam
904 1096 962 1132 rem
977 1079 1090 1148 digerat
1104 1095 1227 1147 omnem,

443 1175 509 1229 Dux
525 1178 604 1230 oneri
619 1175 800 1244 incumbens,
817 1176 916 1244 patriae
932 1182 960 1230 et
974 1192 1040 1245 spes
1053 1175 1151 1244 unica,
1167 1192 1211 1244 sq.

276 1317 384 1391 Quem
407 1318 542 1396 quidem
567 1318 646 1378 satis
671 1317 889 1399 ineleganter,
910 1315 1019 1396 oredo,
1041 1324 1073 1378 et
1092 1313 1218 1376 insulse
1240 1331 1326 1393 equo
1342 1330 1406 1375 suo

229 1424 379 1485 Dominae
396 1424 577 1502 aequiparat
592 1423 711 1484 Petrus
730 1443 737 1484 :

268 1581 321 1647 Vl,
338 1598 367 1638 v.
385 1582 442 1635 353
462 1599 468 1632 :
488 1579 545 1634 Sed
560 1580 707 1636 dominum
723 1581 773 1652 qui
788 1579 868 1635 frena
883 1581 959 1650 regit
971 1577 1148 1649 pecudisque
1162 1594 1280 1648 suaeque

489 1677 602 1745 Gentis,
620 1696 687 1747 equo
703 1679 818 1732 similem
833 1679 942 1732 credas.

276 1828 365 1890 Audi
388 1847 487 1908 quam
509 1832 695 1909 magnificis
723 1831 831 1893 vorbis
855 1841 977 1893 aeterna
1003 1830 1121 1892 victori
1141 1827 1247 1907 gloria
1267 1834 1403 1907 porten-
1480 1869 1483 1873 ι

229 1938 325 1999 datur
340 1959 347 1999 :

269 2087 322 2157 VI,
335 2107 362 2145 v.
378 2088 435 2142 825
451 2105 515 2158 sq.:

440 2185 635 2256 Armipotcnti
650 2186 740 2255 igitur
753 2186 833 2240 venit
847 2186 902 2240 hac
917 2186 952 2239 de
967 2189 1058 2239 morte
1072 2186 1184 2238 Renato

443 2281 555 2351 Gloria,
574 2284 623 2337 sed
638 2283 703 2350 soli,
721 2291 890 2355 crescetque
903 2282 1033 2337 Reuatus
1049 2281 1085 2335 ab
1098 2280 1160 2352 illa,

441 2378 480 2430 Et
494 2395 599 2432 nomen
614 2386 771 2448 cognoscet
787 2378 880 2433 Arabs
894 2384 952 2433 tam
967 2379 1076 2448 grande
1091 2378 1231 2448 nigerque

440 2474 544 2544 Indus,
560 2475 636 2529 idem
652 2474 722 2529 solis
736 2493 826 2530 cunas
840 2483 997 2547 tangetque
1012 2475 1195 2546 sepulchrum

439 2572 631 2643 AEquoreum.

274 2715 344 2776 Nec
359 2715 471 2776 minus
488 2716 610 2777 eximia
626 2717 697 2797 ejus
712 2716 817 2796 pietas
836 2714 1005 2778 extollitur
1022 2713 1162 2775 memori
1175 2719 1285 2775 mente
1299 2713 1402 2774 meri·

231 2829 278 2883 tas
307 2821 376 2882 Deo
407 2822 531 2897 gratias
558 2820 791 2903 persolventis,
820 2823 914 2902 cujus
943 2840 1003 2901 ope
1032 2828 1155 2882 tantam
1183 2819 1321 2897 adeptus
1351 2825 1404 2878 est

227 2928 399 2991 victoriam
416 2949 423 2989 :

267 3085 322 3154 VI,
339 3104 368 3142 v.
387 3084 445 3140 834
459 3102 502 3156 sq,
520 3104 527 3138 ε

439 3183 542 3240 Victor
557 3189 588 3237 at
602 3183 713 3238 interea
725 3185 871 3254 princeps,
888 3185 925 3239 ob
940 3201 1059 3239 munera
1071 3182 1173 3254 palmae

440 3280 573 3351 Desuper
586 3287 724 3351 acceptae,
741 3282 840 3335 dulces
854 3280 1018 3336 fautoribus
1032 3283 1154 3352 hymnos

440 3377 496 3431 Dis
511 3377 590 3432 canit
605 3384 693 3447 atque
708 3377 800 3432 omnis
814 3379 916 3432 caeluni
930 3376 998 3433 ferit
1012 3394 1061 3432 ore
1075 3378 1220 3445 sacerdos,

441 3475 621 3545 Templaque
636 3475 721 3529 thure
734 3476 827 3548 replet
840 3494 956 3532 suavem
971 3476 1131 3530 redolentia
1144 3475 1266 3543 fumum,
1282 3490 1327 3544 sq.

272 3625 370 3702 Piget
385 3625 508 3686 reterre
524 3643 596 3704 quae
612 3626 703 3687 addit
719 3625 845 3705 Petrus,
864 3634 900 3688 ut
914 3645 978 3706 qua
993 3628 1057 3687 dux
1078 3625 1300 3701 lotharingiae
1317 3640 1401 3702 erga

229 3731 337 3793 Deum
366 3732 488 3810 pietate
519 3731 620 3792 fuerit
642 3732 817 3808 significet.
843 3732 884 3792 Ei
913 3733 1003 3793 euim
1029 3731 1214 3808 gratulatur
1242 3730 1399 3810 expulsos

229 3837 447 3913 Lotharingia
469 3837 622 3919 Judaeos,
644 3853 783 3917 quorum
806 3839 876 3917 ipse
898 3839 974 3900 odio
995 3838 1159 3915 flagrabat.
1183 3833 1310 3920 (Natta,
1331 3833 1397 3919 VI,

230 3962 262 4003 v.
292 3939 514 4025 1223-1264.)
530 3943 599 4005 Sed
614 3962 660 4005 eae
676 3943 763 4022 apud
776 3960 890 4005 omnes
902 3945 969 4006 lere
979 3943 1180 4021 temporibus
1197 3941 1267 4003 illis
1284 3942 1402 4018 vigue-

228 4053 305 4107 runt
320 4046 414 4108 lalsae
431 4046 617 4126 opiniones

278 4153 432 4232 Denique
448 4171 511 4233 qua
526 4152 755 4214 misericordia
769 4160 878 4214 motus
892 4153 1040 4214 Renatus
1053 4152 1183 4213 inimici
1198 4151 1249 4213 sui
1265 4150 1408 4215 cadaver

225 4258 469 4338 contemplatus
507 4258 550 4321 sit
576 4266 608 4320 et
638 4277 736 4338 quam
764 4258 873 4338 amplo
896 4275 1034 4319 munere
1064 4256 1251 4339 extulerit¹,
1278 4265 1407 4336 quanta

258 4525 279 4575 l.
296 4524 336 4575 Cf.
351 4539 413 4591 quae
429 4525 463 4576 de
477 4527 683 4590 Rubentisprati
696 4527 835 4590 sepultura
850 4527 877 4576 in
891 4527 1030 4577 d'attces'dc
1044 4526 1195 4578 traduntur.
1213 4525 1270 4589 (VI,
1284 4525 1330 4576 999
1340 4528 1399 4591 sq.)
