3306 5468
741 547 919 615 ..47-

289 692 439 754 Primum
455 712 534 756 vero
548 696 712 757 Nanoeidis
728 695 850 786 librum
865 694 989 772 legenti
1001 694 1214 756 miseratione
1230 696 1412 772 praesertim

243 797 363 872 dignus
377 799 543 861 videbitur
558 801 716 880 Renatus,
735 808 770 862 ut
786 801 843 880 qui
858 800 1075 877 Lotharingia
1094 801 1248 880 extorris,
1266 802 1361 879 inops
1380 809 1412 862 et

245 929 258 956 ‹<
278 904 415 982 supplex
430 905 465 964 in
481 906 580 967 rebus
598 907 754 988 egenis»,
773 908 895 986 ubique
909 908 1032 969 frustra
1047 907 1171 968 arrrilia
1184 912 1307 984 quaerat
1326 916 1357 968 et
1372 906 1412 967 ab

242 1017 351 1071 astuto
366 1010 566 1073 Francorum
583 1030 659 1089 rege
675 1013 872 1074 deludatur:
1333 1006 1336 1010 ⁴

281 1163 329 1221 cf.
345 1168 454 1237 Noae,
471 1169 495 1240 I,
513 1187 540 1226 v.
558 1170 637 1224 577:

427 1265 477 1321 Nil
493 1267 567 1336 agis,
584 1284 600 1321 ο
613 1268 742 1338 juvenis,
759 1267 821 1321 solo
837 1285 913 1321 nune
929 1267 1045 1321 nomine
1060 1267 1204 1337 princeps,

427 1361 477 1416 Nil
491 1363 553 1433 agis
567 1367 709 1432 armatus3
728 1366 797 1419 satis
813 1369 857 1418 est
871 1366 991 1420 evadere
1007 1365 1118 1418 dextras

428 1459 487 1513 Tot
500 1460 613 1530 gladios
627 1461 658 1514 in
673 1467 701 1516 te
717 1462 809 1516 solum
825 1466 854 1516 et
869 1467 912 1516 tot
925 1462 984 1516 tela
998 1461 1134 1519 ferentes.

428 1556 466 1610 Di
483 1557 536 1611 tibi
551 1559 707 1613 dormitant
722 1576 820 1615 omnes
833 1542 922 1631 nune,
939 1557 1027 1613 affore
1041 1576 1139 1628 presso

428 1655 495 1711 Non
510 1659 584 1729 ausi,
602 1659 671 1713 cede
686 1658 765 1727 bine,
783 1658 850 1713 olim
865 1659 1010 1713 rediturus
1025 1658 1116 1728 abito,
1132 1676 1176 1729 sq.

288 1805 447 1869 Crescent
468 1814 594 1886 autem,
618 1809 848 1888 progrediente
871 1817 1033 1890 poemate,
1059 1790 1091 1869 et
1112 1807 1289 1870 elucebunt
1312 1809 1412 1870 decus

243 1919 274 1972 et
288 1913 388 1974 virile
403 1913 577 1992 ingenium
594 1914 726 1994 Renati,
744 1914 814 1994 qui,
831 1922 1003 1993 postquam
1017 1912 1226 1975 memorabili
1242 1914 1328 1992 apud
1343 1915 1411 1975 Mo·

241 2026 348 2080 ratum
364 2019 503 2080 victoria
517 2018 724 2102 inclaruerit,
738 2021 807 2100 jam
822 2020 1027 2099 prosperiore
1043 2020 1183 2080 lortunae
1194 2017 1272 2079 flatu
1289 2027 1408 2080 utetur.

321 2179 362 2250 Il,
377 2197 405 2238 v.
424 2181 480 2233 311
497 2197 541 2249 sq.
557 2198 564 2232 ε

468 2276 618 2347 Magnifiei
632 2278 754 2347 primum
768 2276 815 2330 hio
829 2271 938 2331 Ferrici
953 2276 1029 2330 filius
1043 2281 1114 2330 atrae

469 2374 604 2445 Improba
618 2373 743 2428 fortunas
758 2374 844 2428 leniri
857 2378 987 2444 tempora
1001 2375 1091 2428 sensit
1095 2418 1153 2433 .....

319 2487 357 2545 V.
371 2488 448 2543 317:
466 2487 579 2542 Deinde
594 2478 705 2558 aliquid
720 2489 815 2558 palma
828 2489 885 2542 hao
899 2490 991 2558 majus
1006 2505 1119 2558 sperare
1135 2487 1253 2557 licebat,

467 2585 571 2639 Duxne
586 2585 640 2641 tibi
655 2585 840 2656 Lothringe?
855 2584 935 2655 Opus
950 2591 993 2639 est
1007 2586 1078 2639 erile
1092 2585 1189 2656 iugari

467 2680 555 2735 Hune
572 2682 621 2752 qui
636 2681 728 2736 Marte
744 2687 811 2737 tuos
824 2699 890 2736 oum
905 2681 1048 2736 moenibus
1062 2689 1187 2751 occupat
1201 2699 1302 2752 agros,

466 2780 504 2834 Ni
519 2781 626 2851 repetis
641 2797 706 2849 quae
722 2785 804 2851 rapta
817 2786 909 2848 tenet,
926 2781 955 2833 ni
971 2781 1068 2850 perdis
1084 2781 1225 2838 eumdem.

289 2927 373 2991 Cum
401 2937 514 2991 autem
545 2931 716 2992 inducitur
739 2931 898 3013 Henetus,
925 2932 1048 2992 iterum
1077 2930 1195 2993 Carolo
1226 2929 1411 2992 Nanceium

242 3036 416 3098 obsidione
431 3037 598 3119 cingente,
615 3037 652 3097 in
667 3035 822 3098 Helvetia
841 3039 943 3099 redux
965 3044 999 3099 ut
1019 3054 1103 3098 nova
1122 3034 1258 3114 colligat
1274 3035 1408 3118 auxilia,

243 3141 343 3204 habes
360 3143 432 3223 ejus
447 3144 562 3223 paucis
577 3143 687 3229 verbis
699 3144 927 3205 adumbratam
943 3143 1087 3220 effigiem
1103 3164 1110 3203 ε
1344 3154 1345 3157 ’

281 3302 336 3371 ΙΙΙ,
352 3320 382 3362 v.
400 3304 457 3358 622
472 3321 516 3373 sq.
532 3321 539 3356 ε

466 3400 542 3456 Nam
557 3400 653 3454 Rheni
667 3401 744 3471 ripas
759 3401 898 3470 trajectus
914 3407 1052 3471 utrasque
1066 3401 1196 3454 Renatus

467 3497 671 3568 Magnanimus
687 3497 804 3568 juvenis
818 3500 977 3569 primaeque
989 3497 1085 3554 virilia
1099 3497 1197 3552 barbae

468 3593 559 3665 Signa
573 3612 675 3664 gerens
679 3638 767 3654 .....

279 3690 335 3760 ΙΙΙ,
352 3707 381 3746 ν.
400 3692 455 3745 759
472 3710 515 3763 sq.
532 3712 538 3745 :
564 3732 971 3751 .............
996 3691 1060 3747 Oris
1074 3692 1188 3747 eosdem

466 3790 533 3843 Dux
548 3789 655 3845 virtute
669 3790 757 3858 levat,
773 3794 873 3844 tenera
887 3791 937 3860 qui
951 3790 1047 3844 fronte
1062 3792 1183 3844 decorus
1196 3790 1202 3819 ¹
1259 3772 1262 3778 ¹

465 3887 554 3941 Arma
568 3892 653 3942 amet.
671 3888 709 3941 Et
722 3889 816 3958 turpis
829 3905 914 3958 quem
931 3905 988 3941 non
1003 3888 1123 3942 lascivia
1138 3888 1251 3941 mollem

467 3985 592 4053 necarit,
609 3992 639 4040 at
654 3991 755 4040 eontm
769 3987 892 4041 reddant
906 3986 1063 4056 asperrima
1078 3986 1192 4055 durum,
1209 4002 1253 4057 eq.

287 4133 375 4208 Quid
392 4136 500 4197 dicam
516 4137 556 4198 de
573 4137 645 4217 ejus
666 4138 702 4198 in
720 4155 831 4217 pugna
845 4138 932 4217 apud
948 4137 1123 4199 Jarvillam
1136 4137 1258 4199 virtute
1276 4145 1307 4198 et
1323 4136 1413 4198 mili·

242 4241 305 4303 tari
321 4240 487 4306 seientia?

274 4475 348 4610 thel,
359 4475 488 4526 Micbelet
501 4495 506 4525 :
521 4495 531 4521 r
545 4477 582 4527 Ce
593 4478 665 4528 beau
676 4480 760 4541 jaune
773 4477 851 4530 erile.
865 4496 874 4524 r
889 4479 1035 4541 (Louts'XI
1042 4482 1068 4529 et
1084 4478 1198 4528 charles
1208 4479 1234 4527 le
1247 4477 1411 4540 Tonadratra,

238 4558 265 4608 p.
313 4547 335 4597 t.
373 4587 377 4597 .
