3306 5468
737 548 913 616 -63-.

240 694 435 777 Epiphaniae
450 696 564 756 testam
581 694 669 755 diem
689 701 756 757 tota
780 696 816 757 in
830 695 1106 758 laetitiameffusa
1121 697 1200 756 urbs
1220 693 1402 758 Nanceium

240 802 467 882 celebraverit,
491 801 529 861 ab
553 801 736 862 obsidionis
756 801 919 878 angustiis
935 810 965 863 et
990 801 1076 862 lame
1100 801 1231 862 tandem
1253 800 1401 870 liberata,

240 906 368 992 (Nona,
387 907 448 988 Vl,
466 905 531 971 870
546 902 611 988 sq.)
628 907 760 969 Priores
777 897 866 968 enim
887 907 923 968 in
942 908 1003 968 hoc
1022 921 1142 983 genere
1162 906 1306 968 deseram
1326 907 1404 970 hnic

241 1016 319 1078 satis
339 1013 448 1094 amplo
469 1013 516 1075 IV
536 1013 616 1075 libri
631 1011 727 1096 loco,›
741 1015 779 1077 in
800 1032 864 1094 quo
881 1013 1081 1090 singillatim
1096 1022 1128 1074 et
1151 1013 1266 1075 ordine
1286 1013 1404 1076 Petrus

240 1122 473 1201 exposuitque
492 1121 686 1182 fortitudine
709 1128 741 1182 et
759 1138 854 1200 quam
877 1120 969 1182 felici
991 1121 1113 1182 astutia
1133 1120 1254 1181 Renati
1268 1122 1404 1183 nuntius

241 1228 466 1290 'theodoricus
480 1209 538 1307 per
553 1226 692 1289 densum
708 1226 821 1289 Caroli
837 1226 1015 1288 exercitum
1030 1225 1066 1286 in
1082 1226 1221 1287 Nanceii
1236 1227 1359 1287 moenia
1369 1243 1404 1287 se

241 1335 472 1397 insinuaverit.
504 1331 640 1396 Scilicet
663 1330 736 1413 ille,
762 1333 915 1411 pauperis
945 1331 1080 1410 lignarii
1110 1331 1235 1393 cultum
1256 1331 1402 1410 indutos,

240 1449 411 1521 postquam
427 1458 534 1503 ramos
550 1439 679 1501 decisos
699 1439 735 1499 in
755 1439 877 1500 fascem
897 1435 1032 1516 collegit
1050 1446 1082 1500 et
1100 1437 1249 1499 humeris
1269 1439 1402 1519 aptavit,

241 1549 325 1610 silva
340 1565 503 1630 egressus,
520 1546 776 1623 Burgundorum
796 1552 901 1606 castra
917 1545 1018 1625 subit,
1044 1544 1188 1606 libenter
1205 1562 1224 1605 a
1238 1544 1404 1607 militibus

240 1664 392 1734 exceptus
406 1672 488 1735 quos
505 1653 612 1716 hiems
628 1652 752 1714 mordet
766 1670 891 1730 aspera.
909 1647 1036 1734 (Nunc,
1055 1650 1111 1732 tv,
1130 1669 1160 1713 v.
1176 1647 1323 1734 441sq.)

284 1761 396 1838 Fingit
413 1769 523 1823 autem
545 1759 684 1822 callidus
709 1759 846 1819 nuntius
871 1776 906 1819 se
929 1757 1014 1819 hanc
1039 1758 1161 1821 fascem
1181 1758 1299 1834 Anglis
1320 1759 1410 1820 ferre

240 1869 361 1948 quibus
376 1868 583 1948 praesumptis
598 1867 680 1929 auris
696 1866 882 1942 obligatur:

281 2096 319 2164 V,
336 2113 364 2152 v.
380 2095 439 2149 460
454 2111 523 2166 sq.:

454 2215 466 2242 ‹
483 2192 567 2246 Hanc
580 2195 707 2245 vestrum
721 2196 764 2244 est
777 2187 895 2244 turbare
908 2189 983 2243 viam
1000 2189 1024 2243 ai
1039 2188 1137 2251 vultis.
1154 2187 1266 2244 Ateste

451 2288 497 2343 Ad
515 2304 579 2343 mea
590 2287 729 2354 fautores,
747 2304 808 2353 oro,
824 2285 973 2356 promissa,
989 2285 1132 2356 fidemque

450 2387 494 2442 Na
510 2392 666 2440 temerasse
679 2400 771 2438 meam
785 2383 894 2451 videar,
909 2383 1029 2439 facitote
1044 2383 1149 2454 rogati.

450 2484 564 2554 Pauper
579 2500 632 2554 ego
648 2500 752 2551 rerum,
770 2481 839 2536 fidei
854 2500 915 2536 sum
930 2482 1022 2551 dives,
1037 2498 1144 2552 eroque
1224 2548 1227 2555 ι

451 2583 520 2637 Vita
533 2583 629 2652 quoad
643 2580 749 2635 nostris
765 2579 884 2650 spirabit
899 2579 1015 2633 naribus
1030 2571 1135 2637 aurae(

451 2677 514 2733 Nec
528 2676 597 2731 mihi
612 2693 665 2730 nee
682 2676 816 2748 cuiquam
831 2683 874 2731 est
888 2674 1013 2745 Anglam
1029 2676 1163 2729 deludere
1177 2680 1291 2746 gentem
1397 2695 1399 2700 ·

453 2774 609 2843 Securum3
627 2773 724 2837 sociis,
741 2772 765 2828 si
780 2790 838 2827 non
853 2772 934 2842 mihi,
951 2771 1060 2842 parcite
1075 2772 1186 2832 vestris.

452 2871 551 2927 Servio
566 2887 644 2923 nunc
659 2870 727 2937 illia,
744 2887 808 2924 mox
821 2870 920 2939 vobis3
937 2885 1047 2939 pauper
1059 2869 1090 2923 id
1103 2870 1158 2925 aevi

453 2968 537 3032 Quod
551 2973 682 3038 superest
696 2969 799 3023 sudore
816 2967 900 3022 traho
914 2967 1073 3021 communis
1088 2967 1124 3019 ad
1139 2983 1247 3031 omnes.
1323 2985 1325 2988 ’

451 3067 513 3122 Nec
528 3064 597 3118 mihi
607 3066 669 3135 J‘am
683 3069 788 3120 noceat
802 3082 866 3119 mea
880 3064 957 3136 quod
971 3080 1016 3118 me
1031 3064 1177 3133 incompta
1192 3064 1300 3119 revelat

451 3163 567 3234 Lingua
581 3163 674 3218 virum
688 3163 865 3236 indigenam.
883 3162 929 3216 Me
943 3160 1013 3216 fecit
1026 3166 1102 3216 terra
1117 3161 1285 3233 Lothringae

451 3263 497 3317 De
510 3277 629 3316 numero
644 3260 751 3333 gentis.
767 3259 870 3315 Variat
883 3260 1013 3314 Fortuna
1028 3265 1154 3315 creatum

414 3426 416 3431 Ι
442 3358 513 3413 Ceu
528 3357 635 3428 placet.
653 3356 753 3412 Omnis
766 3355 851 3410 homo
867 3355 944 3424 fiam,
962 3356 985 3410 ei
995 3356 1115 3426 jusserit
1129 3356 1187 3412 illa.

409 3515 411 3520 ‚
449 3455 496 3509 Me
510 3459 581 3525 puto
597 3458 760 3525 vestratem,
778 3459 874 3509 vestro
890 3453 952 3508 haec
967 3452 991 3507 si
1005 3458 1082 3508 terra
1095 3459 1212 3524 regatur

450 3552 584 3618 Nomine.
603 3552 671 3607 Sum
687 3552 771 3620 cujus
785 3550 915 3620 sequitur
928 3550 1049 3604 victoria
1064 3550 1202 3604 dextram.

451 3651 566 3706 Nullam
581 3649 610 3704 in
627 3649 805 3719 principibus
819 3665 897 3718 spem
911 3664 999 3716 pono,
1015 3647 1124 3702 tributa
1138 3648 1258 3702 daturus

452 3746 512 3803 Sub
527 3764 710 3818 quocumque
724 3747 842 3816 ducum,
859 3746 900 3801 nil
915 3749 1085 3816 accepturus
1099 3748 1135 3802 ab
1150 3749 1253 3807 isdem.

451 3847 551 3900 Lanea
565 3863 609 3900 me
623 3845 763 3900 famulum
779 3844 903 3900 textrina
918 3845 1037 3900 enutriit
1051 3851 1119 3899 ante

450 3942 566 4011 Praeda,
583 3942 681 3996 durius
696 3949 727 3997 at
740 3943 840 3998 vivens
854 3959 919 3996 cum
934 3949 1061 4013 tempore
1075 3947 1181 3997 mutor.

453 4039 509 4096 Sed
523 4057 572 4094 seu
587 4040 669 4111 pacis
683 4045 767 4094 erunt
782 4056 832 4093 eeu
847 4038 916 4094 belli
931 4045 1070 4110 tempora,
1089 4058 1200 4111 semper

452 4137 520 4193 Sola
534 4138 601 4193 vivo
616 4154 716 4209 manu,
733 4136 818 4191 miser
833 4142 862 4191 et
875 4154 1033 4209 pannosus,
1050 4143 1079 4193 et
1094 4149 1191 4193 omnes

448 4233 531 4288 Infra
545 4234 687 4303 homines,
699 4235 840 4305 juxtaque
855 4234 924 4288 mihi
940 4236 991 4290 sim
1007 4241 1101 4290 vester
1116 4253 1154 4303 an
1168 4236 1229 4305 ejus

450 4328 506 4394 Qui
519 4330 607 4403 fugit,
624 4336 710 4403 atque
726 4331 836 4386 utinam
850 4332 954 4402 fugiat,
970 4333 1037 4386 dum
1052 4332 1130 4386 bellu
1146 4331 1307 4402 quiescant,

448 4428 591 4498 Ereptura
604 4429 674 4483 mibi
688 4430 729 4483 nil
744 4430 828 4484 tressi
846 4436 874 4484 et
889 4412 988 4485 mortis
1004 4427 1124 4484 amanti.
1143 4452 1154 4478 a

450 4527 522 4580 Haec
536 4526 589 4595 ait,
606 4534 634 4583 et
649 4526 745 4582 fictam
760 4533 897 4597 rumpunt
910 4527 1034 4598 suspiria
1048 4543 1159 4584 vocem.
