3306 5468
800 547 980 617 „96-

353 694 511 775 Sapphici
528 692 671 771 denique
687 710 801 754 versus
816 702 935 772 praesto
957 695 1077 755 adsunt
1103 692 1160 772 qui
1183 708 1347 754 summam
1365 689 1488 752 Basini

308 801 560 862 admirationem
575 797 717 879 lyricum
733 797 768 858 in
783 800 920 860 modum
934 799 1124 876 significent
1142 819 1150 859 :

607 1008 848 1026 .........
865 966 1010 1022 Ceciuisse
1025 984 1084 1022 nou
1098 966 1140 1021 sic

609 1105 760 1122 ......
779 1063 895 1134 Orphea
909 1063 1003 1119 dicas.
1025 1107 1032 1120 .
1054 1107 1060 1119 .
1081 1106 1089 1120 .
1111 1105 1117 1118 .
1140 1104 1147 1117 .

601 1160 668 1215 Non
683 1160 759 1215 cheli
773 1160 818 1214 fas
833 1166 878 1215 est
891 1177 1018 1215 reserare
1033 1165 1139 1213 nostrae

602 1258 725 1312 Nancca's
740 1263 880 1328 quantum
894 1264 956 1328 tua,
972 1258 1069 1325 Petrc,
1082 1273 1188 1311 nomen

602 1352 700 1409 Addat
715 1356 809 1410 autori
823 1354 889 1424 tibi,
906 1354 983 1424 quod
997 1371 1051 1409 nec
1066 1353 1157 1407 ullum

707 1451 817 1506 Obruat
832 1469 937 1511 aevum.

601 1646 647 1698 Tu
663 1655 866 1716 peccaterum
881 1645 1037 1718 relegenda
1051 1644 1168 1700 saeclum

709 1743 821 1798 Nancei
834 1762 922 1815 perge
934 1747 955 1803 ¹.

352 1903 429 1967 Nou
452 1921 586 1966 necesse
607 1905 806 1966 arbitramur
830 1923 903 1966 esse
928 1914 1037 1967 cetera
1059 1903 1171 1966 omnia
1193 1901 1374 1981 aequalium
1392 1903 1488 1964 testi-

309 2012 422 2073 monia
436 2028 630 2090 percensere
645 2012 834 2074 immodicis
849 2012 974 2090 pariter
987 2010 1141 2073 laudibus
1154 2009 1285 2071 referta.
1301 2009 1395 2071 Inter
1410 2027 1488 2088 quae

310 2118 458 2178 eminent
470 2118 695 2179 tumidissime
710 2117 769 2179 illa
784 2116 955 2180 Desiderii
975 2117 1158 2179 Bonssardi
1180 2116 1222 2178 ad
1240 2115 1405 2178 loannem
1421 2116 1486 2177 Ba-

310 2221 421 2284 sinum
438 2224 648 2301 responsoria
663 2225 800 2304 epistola
815 2224 897 2286 ethi
914 2222 1018 2284 inflati
1033 2222 1121 2300 elegi
1139 2241 1146 2283 :
1433 2207 1436 2210 ¹

496 2387 592 2443 Altior
606 2389 743 2444 Ausoniis
757 2388 873 2444 frondet
887 2388 1078 2461 Lothoringia
1092 2387 1184 2457 silvis,

534 2487 665 2557 Margine
680 2487 775 2542 Pierio
792 2487 896 2542 celsior
908 2487 987 2541 unda
999 2487 1073 2542 fluit.

497 2586 573 2651 Quid
588 2585 701 2638 moror!
719 2583 775 2638 Hic
789 2583 912 2639 Flaccus
927 2584 992 2652 erit,
1008 2584 1056 2637 hic
1070 2583 1115 2639 vel
1131 2585 1283 2653 Homerus,

533 2682 626 2738 Nobis
640 2682 762 2737 aurifluo
778 2682 863 2737 ditior
875 2682 936 2753 ipse
950 2682 1045 2752 Tago.
1059 2725 1065 2739 .
1079 2724 1085 2738 .
1100 2725 1106 2739 .
1125 2699 1169 2754 sq.

316 2896 319 2901 .
355 2843 463 2916 Quam
478 2842 613 2920 quidem
628 2841 774 2904 Joanrres
792 2843 934 2905 Besinus
951 2861 1042 2923 spem
1059 2850 1265 2926 conceperat,
1281 2844 1351 2906 fors
1365 2851 1402 2905 ut
1418 2843 1484 2907 boc

310 2973 325 3002 ‹<
335 2948 504 3010 Nanceidos
520 2949 653 3026 insigne
668 2967 749 3028 opus
759 2974 774 3005 »
792 2950 834 3010 ad
849 2951 960 3012 simile
974 2950 1103 3030 aliquid
1113 2948 1322 3013 moliendum
1336 2950 1484 3013 excitare

310 3067 485 3117 cernentes
504 3064 626 3137 posset,
654 3075 691 3118 ea
713 3057 810 3120 illum
830 3075 897 3119 non
919 3059 1054 3120 omnino
1076 3057 1208 3121 fefellit.
1234 3058 1318 3119 Nam
1337 3075 1405 3120 non
1421 3058 1485 3119 du·

308 3162 401 3223 bium
420 3170 469 3226 est
490 3181 508 3224 a
528 3163 708 3226 Laurentio
730 3163 875 3227 Pilladio
899 3165 1033 3226 Petrum
1057 3164 1097 3224 de
1122 3163 1222 3227 Blaro
1246 3164 1331 3226 Rivo
1353 3163 1421 3225 sibi
1441 3165 1486 3226 ad

308 3269 506 3330 imitandum
526 3271 732 3348 propositum
752 3288 835 3348 esse,
853 3288 928 3332 cum
951 3272 1154 3330 Rusttrt'odcm
1169 3270 1313 3332 scribere
1327 3286 1485 3346 agressus

310 3383 371 3436 est.
396 3374 463 3436 Res
489 3385 597 3451 gestas
619 3376 758 3438 Antonii
783 3377 880 3439 ducis
904 3395 1022 3438 canere
1046 3376 1244 3455 suscipienti
1266 3361 1341 3439 aute
1365 3377 1485 3440 oculos

310 3482 500 3543 versabatur
514 3482 608 3543 Petri
623 3499 700 3560 epos
716 3483 802 3561 qnod
823 3483 979 3545 nonnihil
994 3482 1109 3561 gloriae
1128 3483 1351 3562 Lotbariugiae
1366 3492 1484 3547 contu·

309 3587 403 3668 leret,
422 3588 565 3665 egregiis
581 3589 702 3650 Renati
719 3590 909 3651 memoratis
925 3589 1139 3652 facinoribus.

352 3692 402 3754 Dc
425 3695 496 3772 ipso
518 3693 666 3755 Pilladio
689 3712 793 3771 panca
817 3695 986 3775 praefanda
1010 3705 1097 3777 sunt,
1120 3696 1156 3757 in
1180 3714 1245 3776 qno
1268 3714 1288 3758 a
1310 3695 1482 3778 plerisque

308 3817 523 3878 personarum
546 3800 725 3862 discrimen
748 3800 834 3862 male
859 3810 1026 3864 servatum
1048 3811 1110 3864 est.
1131 3805 1213 3865 llere
1235 3821 1350 3866 omues
1364 3803 1424 3882 qui
1438 3806 1481 3868 de

308 3908 483 3967 Rustictade
510 3905 615 3968 locuti
643 3922 717 3968 suut
745 3907 847 3986 hujus
876 3909 1036 3986 poematis
1065 3911 1254 3990 scriptorem
1279 3911 1484 3973 arbitrantur

307 4011 411 4072 luisse
440 4011 657 4074 Laurentium
685 4012 884 4097 Palladium,
907 4015 998 4076 Petri
1025 4016 1066 4076 de
1087 4015 1187 4078 Blaro
1208 4016 1294 4077 Rivo
1318 4015 1480 4097 amicum,

309 4121 403 4199 cnjus
419 4119 623 4197 epitaphium
638 4121 835 4200 composuit.
861 4120 975 4200 Nuper
995 4129 1106 4184 autem
1127 4124 1387 4185 demonstratum
1408 4124 1482 4187 est²

341 4395 361 4445 i.
377 4395 488 4446 Jconnis
504 4395 595 4444 Basini
609 4395 768 4446 Sandacurii
783 4395 810 4444 in
826 4397 979 4459 magnificas
994 4398 1115 4448 historico
1130 4401 1285 4450 lt'ancctdos
1298 4399 1403 4450 laudes:

338 4466 361 4515 2.
378 4465 408 4514 G.
426 4465 504 4526 Save,
519 4469 644 4516 Bullettn
659 4468 694 4518 de
708 4468 737 4516 la
753 4466 857 4516 Soct'etc
867 4468 1091 4531 pttlomatbiqttc
1105 4475 1266 4534 vespernae,
1284 4471 1352 4523 1890.
1367 4498 1399 4507 -
1411 4473 1481 4526 Vau-

308 4539 367 4586 trr'n
382 4538 442 4586 Lttd
457 4540 482 4586 ct
498 4539 523 4587 lc
540 4539 676 4598 Gajntnasc
691 4541 812 4599 coaptent.
