3306 5468
823 596 978 663 ..p-

315 741 415 804 Blaro
436 723 521 803 Rivo
536 742 763 819 compositum.
783 742 852 804 Hoc
866 749 977 804 antem
992 759 1119 824 poema,
1137 742 1271 823 auspice
1288 743 1418 805 Renato
1434 744 1491 804 in-

313 848 467 910 choatum
488 859 518 908 et
543 847 641 924 longa
661 847 820 927 temporis
841 866 931 909 mora
949 847 1149 927 perpolitum
1168 857 1205 910 ut
1226 849 1363 924 dignum
1388 849 1490 910 ducis

313 955 412 1015 laude
438 953 599 1034 evaderet,
626 972 741 1032 parum
767 962 853 1015 extra
882 954 1106 1032 Lothariugiae
1137 956 1221 1017 lines
1250 955 1407 1034 innotuit,
1439 965 1487 1035 et,

313 1067 422 1138 utpote
443 1059 545 1120 latine
569 1061 738 1140 scriptum,
764 1060 857 1122 brevi
875 1060 1061 1139 neglectum
1076 1069 1136 1122 est.
1155 1061 1351 1140 Quanquam
1369 1060 1406 1120 in
1423 1059 1490 1122 hoc

312 1164 433 1227 saeculo
449 1184 561 1225 rursus
583 1166 708 1227 editum
726 1173 757 1226 et
771 1164 893 1242 gallice
909 1166 1105 1227 translatum
1120 1166 1195 1247 luit,
1212 1184 1354 1229 areruru
1371 1167 1488 1228 condi·

311 1271 437 1332 toribus
456 1271 526 1332 fere
542 1279 670 1333 tautum
688 1272 811 1333 lectum
827 1273 1059 1354 emendetur,
1083 1290 1158 1333 cum
1173 1289 1240 1333 non
1255 1289 1358 1352 pauca
1371 1280 1489 1334 aucto·

312 1378 444 1467 ritatem
465 1378 623 1439 habentia
644 1378 792 1439 lristoriae
816 1377 972 1440 conferat.
999 1377 1079 1450 Quae
1102 1377 1169 1439 sint
1189 1384 1299 1441 autem
1320 1380 1487 1441 Nanceidis

310 1483 451 1545 virtutes
464 1483 520 1544 vel
535 1484 627 1562 vitia,
640 1489 673 1544 et
683 1500 782 1561 quem
796 1482 905 1544 locum
922 1484 1008 1545 inter
1021 1483 1226 1562 quindecimi
1242 1482 1357 1545 saeculi
1371 1493 1487 1563 poetas

312 1589 460 1651 obtinere
480 1588 614 1650 Petrum
630 1589 671 1649 de
691 1587 790 1649 Blaro
806 1589 889 1649 Rivo
906 1606 1038 1668 aequum
1053 1590 1106 1671 sit,
1129 1590 1303 1669 nonsatis,
1322 1607 1397 1650 mea
1410 1591 1485 1669 qtri·

313 1693 388 1755 dem
414 1695 596 1776 sententia,
624 1692 824 1772 exploratum
849 1703 880 1755 et
904 1695 1105 1772 pensitatum
1130 1702 1191 1756 est.
1226 1694 1267 1754 In
1292 1695 1364 1757 hoo.
1380 1696 1488 1771 igitur

312 1800 430 1862 libello
451 1801 654 1878 propositum
676 1799 780 1861 haheo
801 1802 991 1861 summatim
1014 1802 1053 1863 de
1072 1801 1143 1880 ipso
1164 1800 1263 1863 Blaro
1286 1802 1371 1863 Rivo
1393 1804 1486 1864 etde

313 1908 385 1987 ejus
399 1907 559 1985 poematis
575 1907 712 1967 materia
727 1907 869 1989 praelari,
889 1908 966 1968 dein
981 1908 1086 1968 fusius
1099 1907 1264 1988 explicare
1275 1907 1373 1987 quale
1383 1908 1488 1970 luerit

312 2013 474 2076 Nonceidts
489 2012 687 2094 consilinm,
704 2029 777 2092 quae
793 2014 878 2074 lacta
891 2013 1141 2091 amplificaverit
1161 2011 1267 2094 poeta,
1286 2031 1359 2092 quae
1374 2022 1487 2075 contra

311 2119 572 2199 praetermiserit,
589 2136 661 2198 quae
673 2119 906 2194 excogitaverit
919 2118 1056 2179 deorum
1067 2119 1265 2198 ministeria,
1278 2128 1311 2180 et
1321 2119 1487 2198 quomodo
1576 2105 1577 2108 ¹

313 2226 446 2285 inventa
461 2224 671 2302 disposuerit.
690 2222 807 2301 Operae
823 2242 953 2303 quoque
970 2225 1114 2304 pretinm
1131 2225 1196 2286 erit
1210 2225 1388 2305 inspicere,
1407 2243 1485 2304 qua·

313 2337 424 2411 tenus,
451 2329 550 2406 paulo
574 2336 647 2391 ante
672 2347 743 2389 eam
770 2346 833 2408 qua
857 2329 986 2390 renasci
1012 2329 1131 2390 litterae
1156 2329 1318 2391 dehebant
1339 2336 1484 2410 aetatem,

316 2437 430 2496 Petrus
444 2435 484 2497 de
501 2435 599 2497 Blaro
613 2435 698 2497 Rivo
715 2434 836 2496 latinos
851 2435 1025 2514 scriptores
1049 2445 1143 2498 notos
1162 2436 1315 2498 habuerit
1331 2446 1361 2498 et
1376 2437 1485 2497 imita·

314 2542 402 2602 tione
424 2549 615 2620 prosecutus
638 2540 692 2622 sit,
719 2541 799 2620 quid
822 2548 981 2617 praeterea
1000 2541 1102 2620 hujus
1122 2544 1281 2621 temporis
1302 2543 1356 2605 vel
1378 2541 1486 2622 ipsius

313 2650 418 2722 poetae
434 2642 581 2704 indolem
596 2643 754 2705 redoleat.
773 2642 952 2721 Postquam
968 2643 1007 2703 de
1027 2643 1214 2706 elocutione
1229 2646 1316 2706 etde
1332 2653 1400 2706 arte
1418 2662 1488 2705 me·

315 2751 397 2812 trica
412 2751 616 2830 disputatum
630 2750 703 2829 erit,
717 2750 883 2829 judicium
899 2750 939 2812 de
956 2756 1022 2811 toto
1033 2767 1130 2828 opere
1146 2751 1253 2812 lacere
1264 2759 1295 2812 et
1305 2753 1489 2814 Naacet'dem

316 2876 391 2919 cnm
403 2858 521 2918 ceteris
541 2858 581 2918 de
602 2856 717 2917 eodem
737 2862 932 2932 argumento
948 2857 1080 2936 scriptis
1096 2875 1283 2936 comparare
1303 2859 1486 2920 conveniet.

315 2963 468 3041 Denique
488 2979 561 3040 quae
584 2961 684 3023 luerit
698 2960 800 3040 hujus
820 2961 982 3038 poematis
1004 2962 1146 3041 fortuna,
1163 2980 1245 3041 quos
1267 2962 1406 3024 aemulos
1429 2961 1489 3024 ha-

316 3069 424 3130 huerit
441 3069 559 3130 Petrus
576 3067 722 3128 breviter
737 3065 912 3127 disseram.
930 3067 1029 3147 Haec,
1045 3086 1192 3148 promea
1208 3069 1379 3152 falcultate,
1397 3087 1489 3131 exse·
1545 3100 1548 3104 ·

318 3176 374 3254 qni
390 3183 421 3236 et
438 3175 640 3255 perpendere
655 3165 840 3251 aggredior.
