3306 5468
733 557 910 626 „32-

286 705 462 768 Subtiliter
476 705 579 782 igitur
590 704 691 784 loom,
702 705 784 787 dies,
799 722 942 786 menseS,
954 703 1028 765 ‹raeli
1038 703 1243 783 temperiem,
1256 718 1418 782 pugnan-

243 815 324 875 tium
342 829 643 891 nume1·um‚arma,
656 811 777 872 vexilla
792 819 1037 874 commemorat.
1056 809 1099 872 Ut
1114 810 1227 888 paucis
1244 807 1418 887 exemplis

243 928 328 1000 utar,
355 918 514 978 discimus
532 917 693 990 ‚tredecim
723 917 894 979 mensibus
920 917 1214 997 Agrippinensium
1244 932 1364 993 agrum
1396 932 1418 974 a

244 1024 362 1087 Carolo
378 1034 570 1103 occupatum
586 1042 669 1085 esse.

281 1192 386 1259 Nono,
402 1192 427 1260 1,
443 1208 471 1246 v.
488 1190 569 1243 425:
839 1194 902 1242 tota
916 1187 967 1257 qui
981 1187 1086 1242 mensis
1100 1193 1129 1241 et
1145 1187 1214 1240 anni

593 1287 778 1356 Tempestate
791 1285 890 1340 furens
904 1284 1041 1356 Agrippae
1055 1284 1205 1340 attriverat
1219 1300 1335 1353 agrum.

285 1447 385 1509 Diem
410 1464 539 1527 quoque
555 1447 758 1508 indicaturus
784 1462 847 1525 quo
872 1447 1085 1508 commissum
1106 1445 1170 1506 suit
1190 1443 1276 1524 apud
1302 1443 1415 1506 Mora·

242 1560 311 1614 tum
330 1552 496 1633 praelium,
513 1559 608 1613 certae
624 1561 809 1632 temporum
822 1552 941 1615 rationi
958 1552 1119 1613 inservit:

243 1716 246 1721 “
282 1718 322 1788 n,
339 1737 368 1777 v.
385 1721 422 1773 55
441 1738 447 1773 :
466 1717 588 1772 Torrida
603 1719 768 1789 multipedis
782 1717 870 1773 Titan
884 1723 955 1773 tunc
969 1718 1080 1772 viscera
1094 1715 1198 1771 Caneri

456 1814 601 1886 Septimus
615 1815 716 1870 urebat
720 1859 823 1874 ......

281 1915 371 1983 idid„
386 1933 415 1970 v.
434 1916 470 1968 61
488 1931 495 1970 :
513 1913 678 1969 Obsidionis
695 1920 755 1968 erat
769 1911 900 1989 (numero
915 1913 985 1967 mihi
1000 1913 1083 1968 oredo
1098 1909 1222 1985 dierum)

455 2013 556 2067 Tertia
570 2018 635 2082 post
649 2013 788 2067 decimam
801 2021 858 2070 ¹...

244 2173 314 2234 Neo
328 2173 590 2250 praetermittitur
605 2172 686 2234 hora
701 2190 765 2252 qua
781 2173 880 2233 desiit
895 2187 1025 2250 pugna:

280 2339 321 2408 ΙΙ,
339 2358 367 2399 ν,
384 2340 442 2394 300
459 2359 465 2393 :
484 2341 553 2394 Plus
570 2340 662 2394 medio
677 2340 794 2394 traxisse
810 2340 884 2394 diem
899 2345 927 2394 et
942 2340 1065 2394 declivia
1079 2339 1143 2393 caeli

482 2436 606 2509 Carpere
622 2438 690 2492 solis
705 2454 794 2507 equos
809 2443 917 2492 eertum
932 2446 987 2506 est,
1003 2455 1067 2491 eum
1082 2435 1148 2490 finis
1162 2434 1253 2490 atroci

480 2537 636 2606 Impositus
650 2536 727 2591 bello
742 2541 830 2595 est...

242 2693 323 2767 Quae
348 2697 469 2777 omitia,
500 2699 564 2758 etsi
595 2716 709 2777 parum
737 2698 862 2776 poetice
888 2697 1069 2776 enuntiata,
1094 2695 1265 2772 diligentis
1289 2695 1412 2759 saltem

242 2804 420 2863 narratoris
436 2820 507 2864 esse
524 2804 748 2864 confitendum
763 2811 823 2865 est.

286 2908 355 2969 Nec
371 2909 482 2969 minus
499 2909 614 2970 sedulo
633 2909 819 2986 designatos
835 2927 907 2970 esse
921 2909 1011 2972 locos
1026 2909 1161 2970 videas:

279 3073 332 3143 IV,
348 3094 376 3131 v.
396 3077 432 3129 nt
450 3095 457 3129 t
474 3076 526 3130 Est
541 3093 630 3147 propa
645 3076 815 3144 Nanneium‚
832 3093 932 3146 passus
947 3077 983 3130 ad
999 3076 1076 3130 mille
1089 3076 1144 3144 bis,
1162 3075 1260 3130 urbem

472 3174 534 3229 Eoo
549 3176 690 3228 accedens
705 3191 807 3245 pagus,
823 3191 867 3244 sq.
917 3193 920 3200 ·

242 3334 335 3395 Mitto
351 3352 422 3413 quae
439 3336 558 3397 Petrus
582 3336 621 3398 de
640 3353 760 3415 pugna
774 3336 858 3416 apud
877 3336 1063 3397 Nanceium
1082 3337 1198 3397 ordine
1215 3334 1410 3415 scrupulose

241 3441 350 3522 refert,
367 3444 512 3503 recensis
524 3443 663 3504 ducibus
675 3444 857 3524 copiisque,
872 3443 1044 3522 descriptis
1055 3460 1117 3521 que
1129 3443 1247 3504 Renati
1259 3441 1407 3525 vexillis,

242 3562 325 3623 equo
342 3554 373 3606 et
391 3554 529 3608 armatu.
554 3546 682 3629 (Nunc,
697 3548 758 3629 vt,
775 3546 840 3609 272
860 3544 926 3631 sq.)
947 3547 997 3609 Ne
1013 3549 1101 3610 levia
1122 3550 1256 3628 quidem
1271 3548 1408 3626 omittit,

241 3652 408 3714 Renatum
425 3654 565 3735 scilicet,
586 3653 790 3716 Germanicae
806 3654 958 3732 ignarum
973 3655 1108 3736 linguae,
1125 3674 1183 3734 per
1197 3659 1412 3735 interpretem
1490 3657 1493 3663 '

243 3758 350 3819 foedus
365 3777 440 3820 cum
458 3759 621 3820 Helvetiis
638 3761 805 3821 sarixisse:

279 3925 337 3993 ΙΙΙ,
354 3946 383 3984 v.
401 3927 457 3981 042
475 3947 482 3980 ι
505 3971 692 3988 ..........
712 3929 870 3998 peregrinae
884 3929 994 3984 foedera
1007 3931 1088 4000 genti

499 4027 614 4098 dungit,
631 4028 716 4098 inops
729 4028 848 4099 linguae,
865 4029 959 4083 ductis
973 4029 1127 4100 interprete
1143 4029 1248 4088 verbis

277 4265 297 4314 t.
316 4264 355 4314 Cf.
373 4265 406 4325 V,
422 4279 447 4315 v,
464 4266 509 4317 418
527 4283 532 4315 :
552 4268 654 4318 Ultima
669 4270 733 4318 tanc
747 4269 961 4331 stzcnstssuorat
974 4273 1112 4319 currentis
1127 4273 1152 4320 et
1167 4273 1236 4319 artati

548 4339 607 4389 Illa
622 4339 682 4388 dies
696 4353 756 4388 curn
762 4377 877 4391 ........

370 4406 407 4468 ΙΙ,
423 4423 450 4458 ν.
464 4409 508 4459 t‘tt
526 4426 532 4458 :
552 4447 851 4461 ....................
872 4412 1028 4474 Dupltcatts
1042 4424 1106 4473 erqo
1121 4411 1218 4460 diebus

555 4482 734 4543 Uactovtotuti
751 4481 816 4543 (uon
832 4483 961 4546 amptius)
976 4482 1044 4532 urbe
1058 4483 1198 4533 carebant.

245 4548 279 4598 nt
293 4549 402 4612 passim.
