3306 5468
732 556 909 626 -57...

240 703 394 766 laudibus
418 713 529 766 sancta
552 713 635 780 togae
659 704 727 767 otia
746 700 791 789 (v.
812 701 892 788 335)
912 705 1080 785 praedicat.
1107 706 1226 768 Pacem
1245 705 1292 768 ita
1316 721 1404 768 com·

239 809 340 890 pellat
352 832 359 872 :

279 979 386 1062 lione,
402 978 458 1048 111,
475 997 502 1034 v⁴
522 980 599 1034 287:

427 1075 450 1130 0
465 1075 543 1130 bona
556 1093 621 1146 pax,
638 1077 709 1131 caelo
723 1077 777 1131 dea
791 1076 925 1132 crederis.
941 1075 1077 1132 Attamen
1093 1095 1158 1133 aras

427 1173 502 1230 Orbe
515 1179 582 1229 tuas
595 1179 657 1229 toto
673 1174 759 1244 pauci
771 1178 956 1245 venerantur,
974 1179 1003 1229 et
1017 1175 1084 1230 inde

424 1269 486 1325 Nos
500 1269 588 1342 fugis.
603 1260 681 1325 Hinc
696 1276 760 1325 raro
775 1272 919 1341 quadrant
934 1271 1066 1326 mortalia
1080 1287 1177 1325 secum

425 1368 559 1436 Pectora,
577 1367 662 1422 thure
674 1373 756 1422 tuum
770 1369 850 1423 nullo
865 1368 1011 1439 placantia
1025 1386 1143 1423 numen.

425 1465 503 1536 Ergo
518 1481 535 1519 a
549 1464 721 1519 membranis
735 1466 772 1520 ad
786 1466 896 1520 lamnas
904 1466 973 1536 jura
986 1472 1105 1536 potente

427 1560 501 1616 Sunt
515 1564 655 1618 translata
666 1580 765 1618 manu.
781 1564 819 1617 Et
832 1562 1004 1634 quiritibus
1020 1563 1122 1631 anteit,
1139 1563 1187 1616 ille

425 1660 445 1713 J
447 1676 496 1713 ure
510 1659 587 1714 valet
602 1659 729 1728 meliore,
744 1658 813 1714 lieet
827 1659 963 1730 praetoria
977 1666 1085 1715 sanetas

424 1756 536 1811 Astreae
551 1756 607 1809 hoc
622 1757 732 1811 nolint:
749 1756 804 1811 sibi
817 1758 862 1810 lex
877 1757 927 1827 qui
940 1757 1042 1812 vicerit
1057 1760 1129 1814 estc.

426 1851 467 1908 Ut
482 1870 534 1907 sua
547 1852 669 1923 pacifico
684 1871 730 1908 res
743 1860 809 1908 tuta
823 1853 871 1925 sit,
888 1858 977 1924 utque
992 1854 1120 1925 repulset

426 1949 492 2005 Vim
506 1950 614 2020 probus
626 1942 735 2006 illatam
749 1955 852 2005 natura
866 1951 968 2006 indixit
982 1951 1102 2006 amatrix

425 2045 566 2102 Justitiae.
582 2047 654 2102 Haec
671 2047 772 2103 avibus
785 2047 831 2101 lex
845 2052 898 2115 est,
913 2047 1069 2119 pecorique
1087 2046 1216 2118 deisque.

286 2217 392 2279 Audis
416 2217 463 2278 ibi
484 2218 716 2298 jurisperitum
741 2217 928 2280 chartarum
949 2225 981 2280 et
1002 2218 1166 2280 foederum
1185 2224 1405 2296 reverentem,

242 2340 314 2400 quae
339 2323 459 2403 saepius
485 2323 642 2385 discindit
666 2323 808 2406 gladiuS,
824 2333 855 2386 et
879 2324 1031 2402 negantis
1057 2322 1160 2385 ullam
1183 2322 1266 2384 belli
1282 2324 1405 2404 J'ustam

243 2447 313 2490 esse
329 2448 472 2514 causam,
489 2431 557 2492 nisi
578 2431 653 2511 quis
674 2420 802 2492 illatam
822 2431 890 2493 vim
908 2431 942 2492 vi
960 2429 1123 2510 repellere
1143 2439 1278 2508 cogatur
1299 2440 1330 2492 et
1344 2447 1403 2510 pro

242 2535 472 2617 aris'focisque
487 2554 644 2616 pugnare.

286 2642 392 2704 Immo
407 2644 443 2704 in
458 2645 529 2724 ipso
545 2644 607 2707 illo
620 2652 754 2707 cruento
769 2644 985 2705 certaminum
1002 2651 1098 2724 aestu,
1111 2643 1211 2704 decus
1227 2649 1258 2703 et
1269 2642 1402 2705 modurn

244 2757 276 2808 et
288 2749 444 2828 pietatem
467 2749 743 2827 clementiamque
766 2749 889 2811 servani
904 2757 1051 2828 oportere
1069 2767 1135 2810 non
1151 2749 1254 2810 semel
1268 2749 1407 2810 affirmat

244 2849 374 2911 Petrus.
399 2850 478 2912 Haec
503 2859 578 2913 sunt
601 2850 692 2911 enim
713 2851 822 2913 officia
840 2849 962 2928 equitis
984 2867 1083 2911 sacrae
1108 2850 1241 2912 militiae
1264 2849 1403 2930 addicti,

243 2973 316 3034 quae
331 2955 589 3018 satiscommode
604 2955 657 3016 his
675 2956 823 3018 versibus
840 2955 969 3017 definiti
986 2964 1073 3017 sunt.
1099 2954 1227 3040 (Noua,
1245 2955 1304 3036 VI,
1321 2976 1351 3017 v.
1364 2953 1407 3019 70
1438 2972 1442 2979 ’

244 3056 310 3141 sq.)
328 3060 447 3123 Narrat
462 3068 573 3123 noster
586 3060 761 3141 quomodo,
776 3070 954 3140 antequam
970 3080 1121 3141 suprema
1135 3063 1222 3141 apud
1231 3059 1407 3124 torvillam

244 3177 468 3231 consereretur
486 3186 605 3248 pugna,
626 3168 822 3243 nonnullis
846 3168 970 3230 Renalo
993 3185 1092 3230 sacrae
1117 3168 1249 3230 militiae
1268 3186 1405 3230 munere

244 3273 355 3336 donati
371 3275 514 3338 luerint:

434 3501 605 3518 ......
624 3457 1224 3517 ‘............Ensibusicta

428 3554 523 3624 Colla,
538 3555 617 3610 velut
632 3574 693 3613 mos
708 3561 759 3624 est,
775 3555 903 3610 referunt
916 3552 978 3610 sine
992 3555 1112 3610 vulnere
1127 3572 1232 3610 nomen

431 3651 532 3706 Militis
546 3669 581 3706 ac
592 3653 687 3708 fasces
702 3670 774 3724 quos
789 3654 858 3707 ordo
874 3653 1013 3723 expromit
1027 3658 1169 3723 equester.

430 3751 507 3806 Neve
521 3756 605 3820 putes
618 3752 747 3820 equitum
760 3752 838 3806 hunc
853 3751 939 3805 ritum
954 3751 1016 3805 sine
1029 3752 1156 3820 pondere
1170 3756 1279 3806 sanetae

428 3847 610 3919 Relligionis.
626 3847 744 3903 Habent
754 3849 844 3920 jurati
856 3855 935 3920 vota,
952 3847 1069 3918 suisque
1139 3847 1141 3850 ’

429 3944 597 4014 Suscipiunt
611 3944 716 3999 dextris
730 3950 894 4000 sanctorum
908 3930 1148 4016 templa'deorum

427 4042 617 4097 Defendenda
633 4041 709 4097 omni
724 4059 835 4114 semper
849 4043 956 4097 virtute
970 4044 1085 4112 viaque.

428 4140 551 4210 Pupillis
565 4144 594 4194 et
606 4139 682 4194 idem
696 4139 802 4195 debent
815 4145 845 4194 et
858 4140 995 4196 matribus
1009 4140 1112 4196 horum

428 4236 578 4292 Flentibus
591 4237 648 4292 heu
662 4237 753 4307 vidui,
771 4238 849 4293 nullo
863 4239 974 4293 solante
988 4249 1147 4309 gementes,

427 4336 620 4404 Damnaturi,
636 4336 742 4392 debent
756 4342 785 4392 et
799 4337 912 4394 cunctis
928 4343 1017 4394 semet
1030 4339 1130 4410 iniquo

431 4432 580 4502 Oppressis
593 4433 702 4503 gladio,
718 4451 777 4488 non
792 4434 1008 4505 oppressoribus
1022 4452 1161 4507 unquam.

427 4529 500 4586 Haec
514 4535 581 4585 sunt
593 4548 671 4585 arma
685 4532 790 4601 quibus
803 4533 935 4604 generosi
948 4532 1063 4602 vimque
1078 4533 1224 4604 decusque
