3306 5468
740 589 776 599 ..
802 549 845 618 35
869 588 913 598 .-

264 761 265 765 ,
282 696 492 759 Christianus
514 693 675 781 (Renatus
692 694 852 780 loquitur)
867 696 874 726 ¹
894 717 902 758 :

279 836 454 889 ‹Toachant
475 836 686 904 l’orelonaaaee‚
709 836 829 889 Messlre
853 834 1015 891 Galllaame
1037 835 1146 889 Harter
1169 836 1308 890 chevalier
1329 836 1407 889 estoit

241 935 421 1004 «capitulae,
445 941 470 988 et
492 936 569 988 acolt
590 935 690 1005 clarae
712 936 746 988 ele
768 941 829 987 toas
849 934 887 987 les
902 934 1030 1004 plateam
1051 941 1076 987 et
1095 934 1120 987 le
1142 941 1226 987 comte
1250 933 1355 987 Oswalt
1374 935 1408 988 de

241 1054 252 1079 α
273 1032 410 1085 Tierstee'a
424 1033 502 1085 estoit
516 1033 658 1102 capitulae
672 1033 706 1085 de
721 1032 829 1086 l’aacat
841 1032 943 1102 parde,
961 1049 1027 1084 aueo
1043 1031 1126 1084 leellet
1138 1031 1257 1085 Messe're
1274 1030 1312 1090 G.
1330 1033 1408 1085 Ilar-

240 1152 252 1177 a
270 1136 322 1197 ter,
339 1147 371 1182 en
386 1128 504 1198 laquelle
520 1129 632 1182 eeloe'ent
645 1147 713 1200 pens
726 1129 760 1181 de
774 1129 845 1186 biera,
865 1150 877 1176 s

277 1241 323 1301 Cf.
341 1245 448 1313 Nona,
464 1246 517 1314 VI,
532 1263 562 1302 v.
580 1245 637 1299 272
655 1263 698 1315 sq.
717 1264 724 1298 ε

422 1342 465 1396 Ne
479 1338 575 1397 tamen
591 1343 764 1397 Hertherum
781 1341 896 1412 fugiant
909 1339 1006 1395 felicia
1019 1341 1088 1396 belli

422 1441 579 1510 Principia,
595 1441 663 1494 huic
678 1440 763 1494 heros
778 1439 928 1494 Oswaldus
943 1440 1069 1507 nomine,
1087 1438 1136 1508 qui
1151 1456 1182 1492 se

421 1538 441 1592 J
445 1553 494 1593 ure
509 1537 724 1607 Thyerstanum
740 1535 881 1589 Comitem
896 1536 1100 1605 dominumque
1114 1535 1266 1604 probabat,

424 1633 588 1705 Adjunctus
603 1633 711 1703 fuerat,
727 1632 852 1686 frontem
867 1633 1006 1686 ducturus
1021 1632 1159 1685 eamdem.

422 1730 565 1785 Praefeoto
579 1730 708 1800 peditum
723 1729 866 1784 Herthero
882 1746 925 1800 sq.

284 1879 479 1943 Chistianus
494 1877 540 1963 (p.
559 1877 615 1965 61)
632 1901 639 1941 :

280 2047 292 2074 c
316 2069 401 2084 .....
425 2032 450 2079 et
463 2043 526 2095 moy
541 2020 698 2101 (Renatus)
714 2025 732 2079 ὰ
748 2024 778 2077 la
793 2024 891 2076 cleatre
904 2023 998 2077 d'eala
1013 2039 1080 2076 avec
1094 2024 1153 2078 800
1167 2022 1291 2076 elevans
1306 2022 1407 2077 demes

240 2144 252 2169 ‹
270 2125 460 2192 quantaene.»

277 2232 325 2293 Cf.
341 2237 450 2302 Narra,
467 2234 520 2305 vl,
536 2253 565 2292 v.
582 2235 638 2288 331
654 2251 697 2304 sq.
718 2253 724 2286 :
746 2275 852 2290 ......
874 2232 965 2287 Ducis
980 2249 1047 2286 ecce
1061 2231 1167 2286 Renati

451 2332 529 2387 Cure
543 2331 619 2401 regit
633 2337 766 2389 cunctos.
782 2330 907 2401 Legioni
920 2347 1046 2400 numque
1060 2328 1186 2400 pedestri

449 2430 500 2483 Bis
515 2430 743 2500 quadringentos
759 2429 869 2498 equites
884 2429 1053 2499 adjunxerat
1066 2428 1138 2498 ipse.

284 2582 495 2644 Christianus
510 2576 556 2664 (p.
578 2575 635 2663 61)
651 2601 659 2641 :

279 2747 291 2772 ‹
309 2723 338 2776 ll
351 2724 398 2793 a'y
413 2722 489 2776 auoit
504 2739 595 2775 aucun
609 2721 676 2790 chef
683 2721 715 2774 al
726 2721 894 2774 Lieatenaat
907 2739 958 2790 que
971 2738 1046 2790 moy,
1063 2725 1089 2774 el
1104 2723 1184 2774 estote
1200 2738 1233 2774 ea
1248 2721 1277 2773 la
1292 2720 1408 2774 balallle

240 2845 252 2871 ‹
269 2821 374 2876 babille
388 2821 421 2873 de
433 2820 504 2891 pris,
521 2819 603 2873 blane
616 2825 642 2872 et
660 2835 756 2889 raupa,
776 2836 827 2871 sur
845 2837 900 2889 unq
919 2819 1016 2873 cleval
1028 2819 1125 2889 prison
1141 2819 1243 2872 notante
1259 2821 1289 2872 la
1303 2819 1405 2887 Darne,

240 2942 252 2967 ‹
270 2919 359 2989 lequel
377 2918 490 2971 m'aaait
508 2917 622 2985 eervya
642 2916 673 2969 la
683 2915 801 2984 journle
816 2916 850 2969 de
864 2915 995 2984 Morette,
1015 2922 1041 2969 et
1060 2933 1133 2985 aaoy
1152 2933 1201 2968 sar
1214 2931 1275 2970 maa
1294 2914 1408 2969 tornois

240 3032 323 3068 ‹-aae
337 3015 420 3066 sobbe
436 3013 468 3066 de
482 3012 556 3082 drap
571 3013 633 3065 d'or
647 3012 666 3065 ὰ
679 3029 732 3065 une
745 3011 858 3065 manete
867 3013 904 3065 ele'
915 3014 988 3082 drap
999 3012 1134 3066 desdietes
1148 3013 1274 3066 cocleare
1288 3012 1404 3082 alaprie,

239 3135 251 3161 ‹
271 3113 353 3165 blane
368 3117 394 3164 et
406 3127 502 3180 roape,
521 3115 547 3162 et
558 3126 611 3169 uae
626 3108 713 3162 barda
728 3109 806 3161 cassi
819 3113 944 3163 coerceres
959 3109 993 3162 <le
1008 3109 1081 3179 drap
1096 3109 1169 3177 al'or,
1182 3115 1207 3162 el
1220 3126 1270 3161 sur
1283 3109 1407 3163 lesdlcles

129 3272 133 3278 Ι
212 3207 215 3210 ⁴
239 3233 251 3260 ‹
268 3210 365 3264 rubbes
381 3215 406 3262 et
420 3209 522 3261 bardee
537 3207 606 3261 trois
620 3206 735 3260 doublet
749 3207 827 3261 croix
841 3206 980 3263 blanchae.
999 3228 1011 3255 s

275 3323 321 3383 Cf.
338 3325 446 3393 Nunc„
461 3323 515 3391 VI,
531 3340 560 3380 v.
578 3323 634 3376 334
651 3338 695 3391 sq.
715 3339 721 3373 :

419 3418 536 3475 Arduus
551 3417 604 3473 hos
619 3402 704 3491 inter,
720 3422 859 3486 tunquam
873 3435 932 3472 rem
943 3418 1057 3487 digerat
1066 3434 1189 3487 omnem,

422 3519 490 3572 Dux
506 3517 586 3572 oneri
600 3516 771 3572 incumbens
786 3518 888 3586 patriae
903 3523 931 3572 et
946 3534 1010 3587 spes
1023 3518 1121 3588 unica,
1139 3519 1238 3572 dextro
1280 3557 1283 3560 -

421 3613 541 3669 Sederat
554 3614 584 3667 in
601 3629 701 3681 cornu,
718 3618 800 3683 tergo
816 3614 953 3670 devectus
968 3615 1055 3669 amati

423 3711 635 3780 Quadrupedis,
652 3710 796 3764 dominam
811 3711 868 3764 dici
883 3728 967 3781 quem
982 3711 1158 3782 scripsimus,
1170 3716 1199 3765 et
1214 3727 1299 3780 quem

333 3798 337 3803 ’
420 3809 605 3864 Morathense
620 3809 719 3880 probis
733 3809 840 3863 bellum
853 3809 1022 3864 laudaverat
1037 3797 1142 3868 armis(

275 3927 311 3985 V.
330 3927 400 3984 357.
419 3923 505 3978 Arma
519 3941 605 3994 super
620 3924 703 3994 cujus
717 3919 846 3999 (Reaate)
861 3923 987 3994 pretiosa
1002 3922 1147 3979 effulserat
1164 3929 1241 3978 ostro

416 4022 575 4078 Aurivomo
589 4021 690 4089 vestis,
707 4020 839 4091 vestique
853 4017 899 4094 (ut
913 4018 1013 4094 audio)
1028 4021 1140 4094 dexter,

420 4121 571 4192 Supparus
585 4118 713 4174 haerebat
726 4117 846 4172 tricolor
861 4123 1010 4187 consutus,
1027 4124 1059 4173 ut
1072 4117 1140 4173 inde

419 4217 513 4273 Gente
527 4219 629 4272 ducem
644 4234 662 4270 a
675 4221 738 4270 tota
753 4215 832 4271 color
845 4216 870 4270 is
887 4220 1049 4271 secerneret
1062 4215 1166 4288 ipsum.

421 4315 477 4370 Nix
491 4313 531 4369 ibi
545 4314 660 4368 flamma
675 4311 805 4382 cinisque
821 4330 888 4367 suos
902 4330 1024 4384 posuere
1041 4313 1163 4383 colores,
1180 4331 1223 4385 sq.

268 4548 286 4597 i.
305 4547 336 4597 P.
351 4547 390 4608 60,
407 4546 450 4597 ed.
467 4546 565 4610 Cayon.
