3306 5468
739 591 916 661 -67-.

288 738 316 798 A
329 737 519 816 Burgundis
531 747 643 802 contra
653 747 717 802 stat
727 749 860 803 sanetus
869 741 1019 803 Andreas
1030 737 1111 824 (III,
1123 736 1215 824 465),
1227 740 1321 819 eujus
1332 757 1411 800 crux

242 843 386 922 refulget
410 847 446 906 in
460 847 594 908 vexillis
618 845 729 910 Caroli
754 847 854 926 picta.
882 845 959 907 Non
983 856 1095 933 tamen
1111 847 1223 926 ipsum
1243 846 1411 908 Andream

239 957 335 1029 poeta
356 967 431 1013 oum
456 951 542 1013 divis
558 952 677 1014 Renati
696 952 841 1032 patronis
857 953 1052 1032 composuit,
1076 960 1112 1014 ut
1127 952 1213 1031 apud
1228 953 1412 1013 Homerum

242 1055 331 1135 deos,
350 1055 480 1119 induas
495 1041 654 1120 factiones
669 1058 804 1138 soissos,
820 1058 944 1119 atrocia
955 1065 1165 1121 conserentes
1175 1058 1291 1136 praelia
1301 1059 1412 1120 videre

243 1169 304 1223 est.
325 1163 521 1242 Quanquam
537 1182 576 1225 ex
584 1165 640 1226 his
651 1165 800 1228 versibus
811 1164 974 1243 suspicari
984 1164 1060 1227 licet
1072 1171 1236 1226 certamen
1247 1164 1412 1243 quoddam

241 1269 383 1331 11111111
408 1270 488 1331 hino
513 1271 803 1353 Lotharingorum,
829 1269 927 1334 illino
958 1270 1237 1349 Burgundionum
1263 1271 1413 1336 caeiestes
1486 1338 1492 1344 ,

242 1376 416 1437 custodes:
621 1370 623 1376 ’

281 1541 505 1612 Nan0.,‚111,v.
523 1542 582 1597 744
598 1560 641 1615 sq.
658 1562 665 1596 ε

640 1642 770 1696 Renatus
778 1682 1118 1701 ...........
1131 1635 1132 1638 “
1146 1685 1153 1699 .

388 1735 442 1791 Dis
455 1735 530 1792 bene
547 1737 676 1811 confidit,
693 1757 860 1810 quanquam
876 1757 891 1794 1
908 1739 1070 1794 caelestibus
1084 1738 1165 1794 illum
1243 1740 1245 1743 ’

390 1833 562 1906 Suspectum
578 1837 690 1907 metuit,
707 1854 792 1907 quem
806 1855 857 1908 pro
871 1841 969 1893 tutore
983 1838 1145 1891 vocandum

389 1931 531 1988 Omnibus
546 1933 699 2004 insurgens
713 1933 796 1990 bellis
811 1934 980 2006 Burgundio
995 1934 1122 2005 praefert.

390 2027 439 2084 sio
454 2029 552 2085 divum
567 2036 655 2100 atque
669 2031 819 2086 hominum
833 2033 891 2086 dux
905 2033 1028 2086 sustinet
1041 2049 1120 2086 arma
1134 2032 1274 2090 Renatus.

244 2188 423 2269 Postquam
440 2197 551 2252 autem
567 2189 657 2253 Deus
674 2188 787 2252 Caroli
803 2191 966 2269 superbiae
977 2191 1124 2254 obiratus
1134 2209 1209 2253 eum
1221 2192 1411 2276 dereliquit,

243 2294 396 2357 Andreas
417 2294 489 2373 ipse
514 2294 771 2374 Burgundiones
795 2297 981 2359 deseruisse
1003 2297 1178 2360 nuntiatur
1200 2304 1231 2360 et
1255 2298 1325 2379 jam
1348 2300 1419 2362 fata

244 2402 332 2462 viam
347 2400 539 2463 invenient:

283 2568 336 2640 vl,
352 2587 381 2627 v.
399 2570 456 2625 983
472 2587 513 2640 sq.
529 2588 536 2622 :

427 2664 543 2721 Cuncta
555 2666 686 2721 Renatus
701 2663 791 2720 habet
804 2683 855 2736 pro
871 2683 901 2720 se
915 2684 994 2721 nuno
1008 2667 1139 2736 numina,
1154 2667 1238 2722 nobis

425 2761 541 2818 Dormit
555 2768 586 2818 11
599 2761 745 2832 Andreas,
763 2780 828 2832 spes
843 2763 910 2818 olim
925 2770 1025 2818 nostra
1036 2763 1190 2834 bonusque

425 2859 530 2924 Tutor,
547 2866 578 2915 at
592 2860 712 2915 infensis
727 2860 832 2914 nostris
846 2878 923 2915 11111
940 2860 1066 2915 abstinet
1081 2861 1178 2930 armis,

423 2959 462 3012 Et
477 2958 582 3014 nostris
597 2959 697 3013 insons
711 2957 804 3028 culpis
818 2957 867 3028 pia
881 2964 1041 3013 summovet
1054 2975 1115 3017 ora.

246 3119 318 3182 Alii
343 3136 473 3199 quoque
498 3118 612 3182 Sancti
634 3119 740 3183 obiter
763 3120 988 3198 nominantur,
1017 3119 1196 3202 Genovefa,
1223 3137 1296 3198 quae
1318 3120 1415 3181 Luta.-

246 3227 327 3287 tiam
358 3233 482 3288 tutatur
511 3223 566 3310 (V,
596 3221 698 3310 585),
720 3233 752 3287 et
780 3226 924 3288 invictus
952 3225 1012 3287 ille
1042 3226 1117 3305 pagi
1138 3227 1178 3288 de
1198 3245 1257 3296 suo
1281 3227 1414 3289 nomine

247 3333 328 3395 dicti
357 3342 525 3414 patronus,
561 3334 621 3395 toti
649 3333 900 3412 acceptissimus
929 3333 1172 3415 Lotharingiae,
1199 3339 1331 3394 sanctus
1357 3333 1415 3395 Ni-

247 3438 378 3501 eolaus:

287 3608 341 3680 VI,
356 3627 385 3667 v.
403 3610 441 3664 25
457 3624 464 3664 ε

408 3705 475 3761 Non
491 3705 582 3760 habet
596 3705 621 3760 is
634 3701 751 3781 (papus)
764 3722 887 3759 murum.
904 3704 972 3760 Solo
988 3702 1152 3760 defenditur
1165 3705 1251 3777 hujus

410 3800 564 3868 Pontifiois
578 3801 681 3873 digito,
697 3817 781 3872 quem
796 3799 820 3856 si
832 3801 985 3856 violaverit
998 3799 1090 3854 hostis

412 3899 577 3970 sacrilegus
591 3900 754 3970 quisquam,
769 3897 873 3968 longos
886 3915 946 3952 non
960 3898 1055 3952 riserit
1068 3913 1160 3951 annos
1163 3939 1238 3956 ......

289 3995 326 4054 V.
338 3996 398 4052 34:
415 3997 443 4051 ls
457 3976 591 4052 Potherae
607 3994 689 4065 civis,
704 3995 836 4049 Mirrheae
851 3996 956 4065 praesul
971 3999 1000 4049 et
1014 3994 1102 4062 urbis,

411 4091 497 4147 Nunc
512 4097 597 4146 terrae
611 4098 655 4147 111
669 4091 756 4162 hujus
770 4096 878 4162 custos,
894 4107 972 4145 nune
985 4090 1118 4145 hostibus
1127 4089 1227 4161 hostis,

413 4187 544 4260 Accepto
560 4189 701 4260 insignem
714 4189 836 4242 reddens
849 4205 903 4259 pro
916 4189 1034 4244 vulnere
1049 4187 1195 4260 muletam,
1212 4204 1255 4258 sq.

297 4347 345 4410 Ex
366 4348 410 4410 iis
430 4356 462 4411 11
482 4348 559 4410 aliis
579 4367 652 4429 quae
670 4349 951 4429 praetermittimus
966 4346 1125 4428 exemplis
1144 4346 1301 4425 colligere
1323 4346 1414 4429 licet,

252 4455 289 4516 in
309 4456 474 4534 Nanneide,
501 4455 564 4518 etsi
587 4456 636 4517 ihi
659 4454 766 4518 Deum
791 4462 822 4516 et
850 4452 1418 4520 5111111111111111111111111111

254 4562 466 4626 infitiandum
487 4564 544 4646 sit,
564 4563 761 4643 plerumque
781 4568 890 4624 tamen
909 4560 1013 4626 oculis
1031 4560 1274 4622 111111111111
1294 4560 1417 4640 percipi
