3306 5468
198 1623 284 1673 iudex
297 1620 528 1684 bibliographious
544 1656 1268 1675 .........................
1312 1554 1368 1673 Fufi

199 1720 365 1770 Prooemium
369 1751 1270 1772 ..............................
1357 1722 1367 1771 l

199 1835 291 1886 CAPUT
305 1834 326 1883 I.
342 1863 373 1870 —
388 1835 463 1885 Petri
478 1834 512 1884 de
528 1834 608 1884 Biora
624 1835 693 1884 Rivo
708 1835 773 1885 vite.
788 1862 820 1869 -
836 1836 986 1886 ii'oaaaidt's
1002 1834 1084 1885 editio
1110 1874 1272 1889 ......
1355 1838 1369 1887 3

200 1949 291 1999 Capua
305 1948 341 1999 ΙΙ.
356 1977 387 1984 -
401 1949 549 1999 ii'oacee'da's
564 1947 715 2012 dispositio.
730 1975 762 1982 -
778 1946 920 2007 Quatenus
940 1947 968 1998 in
982 1948 1034 1998 hoo
1049 1953 1174 2012 poemate
1193 1950 1275 2000 histo·

231 2031 278 2079 riae
293 2029 361 2079 tides
375 2032 484 2079 servata
499 2030 534 2078 sit
549 2063 1271 2080 ........................
1339 2031 1369 2081 24

200 2145 291 2196 Capua
312 2144 360 2194 ΙΙΙ.
374 2172 406 2179 -
422 2143 491 2204 Qum
511 2144 611 2194 Petrus
630 2143 663 2193 de
684 2143 764 2192 Blera
784 2142 852 2192 Rivo
874 2144 990 2194 oratoria
1009 2151 1056 2194 aut
1074 2145 1184 2208 poetico
1203 2159 1279 2196 orna-

231 2228 322 2273 menta
337 2223 542 2287 excogitaverit.
556 2250 588 2257 —
602 2222 643 2272 De
659 2222 773 2272 deorum
788 2222 946 2273 ministeriis
960 2225 988 2273 in
1000 2225 1140 2276 ii'aaceide
1146 2262 1274 2277 .....
1342 2228 1372 2277 53

201 2338 292 2390 Capua
309 2337 357 2387 IV.
373 2337 526 2398 -Quibus
542 2337 629 2386 aetetis
645 2349 703 2386 sum
718 2337 790 2387 vitiis
811 2337 912 2388 Petrus
927 2338 960 2388 de
981 2338 1061 2387 Blera
1076 2338 1146 2388 Rivo
1161 2339 1279 2391 indulse-

232 2419 276 2469 rit.
290 2416 368 2467 -De
384 2416 494 2466 dicendi
508 2419 596 2466 formu
610 2417 638 2466 in
652 2418 791 2471 li'aaoeida
797 2454 1274 2471 ................
1341 2420 1372 2472 74

202 2532 293 2583 cmm
308 2533 343 2583 V.
358 2561 390 2568 —
405 2534 473 2594 Quae
489 2535 591 2584 fuerint
605 2533 638 2583 de
652 2534 793 2583 ii'aacez'da
809 2533 954 2596 aequalium
967 2533 1079 2596 judicia.
1094 2563 1126 2570 —
1136 2535 1228 2588 Pauca
1245 2537 1279 2588 de

232 2613 354 2674 Pilladio,
372 2614 447 2664 Petri
463 2614 497 2664 de
512 2613 591 2663 Bluro
606 2613 674 2662 Rivo
690 2611 823 2661 imitatore
831 2649 1276 2667 ...............
1343 2618 1372 2668 95

201 2730 293 2780 Caeuu
307 2729 355 2779 VI.
366 2757 397 2765 -
408 2728 561 2779 Conclusio.
579 2729 692 2790 Qualem
707 2729 797 2783 locum
813 2729 935 2780 obtineat
950 2730 1051 2781 Petrus
1066 2730 1100 2782 de
1115 2732 1194 2783 Blaro
1209 2735 1278 2786 Rivo

232 2812 304 2861 iuter
319 2809 438 2875 aequeles
454 2814 549 2874 poetae
564 2811 610 2876 qui
627 2810 714 2860 Caroli
730 2809 835 2861 cladem
851 2812 1013 2861 cecinerunt
1015 2848 1274 2867 .........
1328 2815 1371 2866 105

693 3243 695 3246 ⁴
786 3230 857 3286 Vim
879 3248 914 3285 aa
937 3247 1084 3286 Paetum:

668 3328 794 3384 Lutetiae
809 3328 997 3396 Parisiorum,
1014 3329 1045 3382 in
1061 3327 1202 3397 Sarbena,

576 3443 604 3485 e.
622 3415 650 3484 d.
669 3427 697 3480 X
712 3426 778 3483 Kal.
797 3431 879 3483 murt.
899 3425 967 3479 anni
981 3424 1294 3482 MDCCCLXXXXII

494 3524 657 3579 Facultatio
668 3525 843 3581 Litterarum
856 3524 886 3576 a'a
900 3524 1053 3578 Academia
1067 3524 1227 3578 Para‘aieaai
1238 3526 1371 3595 decanus,

940 3638 977 3696 A.
1000 3639 1138 3696 HIMLY.

329 3826 419 3880 Tuum
440 3842 620 3880 maneum:

242 3924 398 3979 Academia
413 3924 584 3979 Parisieaoia
600 3923 711 3991 Βοῦτον,

388 4022 563 4099 eumaeo.

491 4577 596 4630 Nanooss,
607 4588 635 4617 ex
645 4577 706 4628 typis
715 4566 922 4626 Berger-Lovrault
931 4580 954 4616 et
963 4574 1086 4617 sodalium.
