3306 5468
728 550 903 620 „58-

379 696 479 752 Militis
493 713 647 767 agnoscas,
663 696 724 752 sine
739 697 873 769 quiahoc
884 696 983 768 judico
999 712 1103 751 nomen

381 793 472 858 Quale
487 800 529 850 est
542 794 600 862 fur,
617 800 725 865 raptor,
741 796 827 866 quale
842 799 886 848 est
900 793 1054 862 homicida,
1071 799 1211 865 sonatque

380 892 553 964 Sacrilegus,
569 892 692 947 flammae
706 898 735 946 et
749 892 914 964 populanda
929 891 966 945 ad
981 896 1058 946 tecta
1074 891 1213 949 minister.

381 990 449 1046 Sola
463 991 535 1046 facit
549 991 642 1046 claros
656 992 758 1059 virtus,
776 1009 829 1046 nec
844 990 919 1046 levia
934 995 1016 1044 curat

379 1088 478 1157 Arma,
495 1105 549 1143 nec
563 1089 600 1142 ad
615 1087 726 1157 cristas,
744 1106 797 1142 nec
812 1088 849 1142 ad
864 1093 1033 1142 ornamenta
1046 1092 1196 1158 retorquet

380 1185 452 1242 Haeo
467 1188 578 1255 oculos,
594 1188 710 1258 proprio
727 1191 814 1257 etque
829 1202 881 1240 suo
896 1190 938 1240 est
954 1191 1091 1240 contenta
1106 1186 1211 1240 nitore.

280 1355 341 1435 lta,
359 1371 399 1417 ne
413 1355 538 1418 multus
553 1355 590 1415 in
609 1354 768 1433 exemplis
788 1355 864 1435 sim,
883 1355 1001 1417 Petrus
1015 1356 1118 1434 epicae
1141 1352 1326 1416 narrationi
1342 1371 1405 1416 sae-

236 1462 385 1543 pissime,
408 1461 682 1524 consuetudinem
707 1461 821 1523 saeculi
843 1460 894 1523 sui
919 1471 1060 1544 secutus,
1089 1461 1228 1524 moralia
1254 1461 1406 1541 quaedam

236 1568 389 1648 inseruit,
404 1577 434 1628 et
446 1567 620 1629 sententiis
637 1575 738 1628 toturn
753 1584 835 1645 opus
853 1565 1044 1629 illuminare
1056 1577 1190 1630 conatus
1207 1575 1268 1647 est,
1284 1566 1405 1626 immo-

237 1673 310 1734 dice
326 1673 459 1752 quidem
473 1689 532 1751 pro
555 1672 710 1750 temporis
730 1673 836 1733 nostri
855 1672 995 1751 ratione,
1014 1673 1145 1751 parcius
1171 1681 1282 1735 tamen
1305 1689 1407 1750 quam

236 1777 384 1858 plerique
399 1778 505 1856 ipsius
520 1778 624 1838 aetatis
641 1777 827 1856 scriptores.
846 1778 926 1852 Quae
942 1779 1032 1840 enim
1049 1779 1144 1841 nobis
1161 1778 1293 1841 fastidio
1310 1785 1400 1857 sunt,

237 1885 350 1948 eadem
365 1885 451 1964 apud
466 1883 559 1945 Petri
573 1883 718 1964 aequales
733 1886 893 1946 maximas
908 1884 1021 1960 laudes
1038 1887 1201 1947 meruisse
1215 1893 1327 1947 monet
1342 1902 1403 1946 nos

237 1992 401 2053 Desiderii
421 1991 597 2054 Boussardi
622 1991 663 2052 ad
683 1991 714 2052 J.
737 1991 897 2052 Besinum
913 1991 1066 2073 epistula,
1084 2010 1149 2072 qua
1163 1991 1287 2053 librum
1305 1991 1406 2052 illum

237 2097 377 2178 extollit,
396 2124 411 2153 c
428 2097 574 2160 lontibus
589 2096 776 2159 Heliconiis
792 2098 965 2175 irrigatum
980 2121 1008 2178 »,
1022 2107 1136 2176 utpote
1151 2098 1208 2178 qui
1233 2123 1247 2152 c
1271 2105 1406 2159 senten·

237 2206 358 2267 tiarum
373 2206 530 2281 gravitate
553 2204 720 2286 exuberet,
736 2204 902 2283 variisque
917 2205 1214 2284 comparationibus
1230 2204 1273 2266 sit
1288 2204 1404 2284 phale·

239 2321 373 2374 ratus.»

283 2417 373 2495 Quas
398 2425 508 2479 autem
530 2416 688 2497 praedicat
712 2415 919 2479 Boussardus
943 2418 1049 2480 nostri
1072 2417 1311 2480 similitudines
1335 2416 1406 2495 jam

241 2523 579 2602 supralaudataesunt.
591 2522 1259 2602 Ejusmodiornamentisdelectatumesse
1270 2523 1409 2584 Petrum

240 2638 383 2709 apparet,
401 2649 476 2692 cum
491 2648 621 2692 carmen
638 2637 741 2690 totum
755 2629 916 2692 redundet
932 2630 1244 2712 comparationibus,
1260 2629 1407 2709 plerum-

240 2754 303 2814 que
319 2737 359 2798 ad
379 2737 524 2815 speciem
544 2745 692 2797 veterum
714 2735 844 2798 effictis.
863 2736 1021 2810 Quaedam
1042 2744 1151 2798 tamen
1169 2737 1278 2799 fusius
1303 2735 1409 2815 eupli-v

240 2850 318 2902 catae
335 2842 443 2903 varios
457 2842 552 2918 quasi
562 2842 709 2920 praebent
720 2860 886 2924 excursus,
900 2843 1019 2922 quihus
1029 2850 1075 2904 ‘ex
1087 2843 1208 2921 pugnis
1218 2851 1249 2905 et
1261 2843 1408 2905 ohsidio-

207 2953 210 2960 '
239 2947 530 3008 nibus-recreetur
559 2946 700 3024 legentis
729 2947 859 3008 animus
889 2956 921 3009 et
944 2948 1123 3010 reficiatur.
1156 2947 1335 3011 Nonnullae
1366 2965 1407 3009 ex

238 3052 410 3114 venatione
435 3053 616 3131 desumptae
638 3059 736 3135 sunt,
751 3053 846 3131 cujus
867 3054 1050 3116 studiosum
1073 3055 1177 3116 luisse
1194 3055 1328 3117 Petrum
1342 3063 1407 3117 tra·'

239 3158 344 3220 ditum
370 3166 429 3219 est.
456 3160 569 3220 Liceat
597 3159 742 3237 primum
769 3159 854 3221 hanc
878 3159 1133 3222 similitudinem
1162 3162 1307 3240 proferre
1337 3181 1406 3224 non

239 3266 284 3327 ita
311 3265 557 3343 inelegantihus
580 3265 728 3326 versibus
750 3284 952 3347 expressam,
976 3283 1041 3344 qua
1073 3265 1260 3329 Nanceinm
1287 3269 1409 3330 acriter

239 3370 409 3433 obsessum
426 3372 484 3434 sed
498 3372 584 3433 intra
602 3372 723 3433 moeuria
743 3389 894 3433 securum
911 3382 1201 3452 oppugnantesque
1217 3373 1407 3454 despiciens
1448 3372 1450 3376 ’

240 3495 314 3538 cum
331 3479 481 3542 erinaceo
496 3488 719 3556 comparatur:

279 3651 385 3720 Nono,
401 3651 456 3718 III,
472 3671 502 3709 v.
521 3653 577 3706 585
594 3668 636 3722 sq.
654 3670 660 3705 :

386 3747 435 3802 Sic
450 3748 555 3818 aliquis
569 3748 662 3802 medio
677 3753 770 3802 tutum
784 3754 905 3803 venator
919 3747 949 3802 in
964 3766 1032 3804 arvo

386 3846 505 3915 Spectat
517 3844 709 3915 herinacium,
724 3847 840 3914 quando
856 3846 989 3914 spinosus
1003 3845 1039 3900 ab
1055 3846 1131 3900 omni

386 3941 441 3996 Ore
458 3948 562 3997 canum
575 3959 637 3997 sese
651 3960 770 4013 parvum
785 3942 914 3996 defendit
929 3949 957 3998 et
972 3961 1073 4000 unum.

384 4041 450 4110 Ipse
464 4039 562 4094 hostes
577 4044 678 4094 contra
691 4039 796 4095 multos
809 4039 973 4108 immobilis,
990 4057 1106 4096 armans

384 4134 510 4207 Cuspide
525 4154 555 4191 se
570 4137 634 4207 plus
649 4154 734 4208 quam
749 4137 844 4191 decies
859 4137 1034 4209 centuplice,
1050 4140 1153 4210 pellem

385 4237 566 4308 Spinigeram
581 4235 719 4307 objectat,
735 4236 851 4306 plenum
867 4242 1003 4292 curvatus
1019 4240 1049 4292 in
1065 4239 1172 4304 orbem,

385 4333 423 4388 Et
435 4333 555 4388 totidem
569 4333 635 4388 telis
650 4332 844 4387 circumdatur
857 4335 985 4404 undique
1001 4336 1103 4390 scabra

385 4429 464 4494 Quot
479 4437 547 4485 cute
558 4428 616 4484 fert
629 4429 713 4486 villos
727 4434 873 4501 protectus
888 4431 1015 4486 membra
1030 4438 1175 4502 caputque
1187 4451 1194 4502 3

381 4529 442 4584 Nec
456 4528 510 4583 nisi
522 4527 674 4585 vulnificas
688 4530 764 4583 acics
779 4527 912 4584 defensor
928 4547 1055 4600 acusque
