3306 5468
752 534 929 605 ..50-

297 681 373 742 Non
388 679 589 760 injucundus
606 698 683 743 sane
694 680 786 743 loeus
798 698 862 762 quo
878 679 1018 742 fulconis
1030 686 1145 741 contra
1165 678 1301 740 ardeam
1315 677 1429 756 singu-

253 787 321 848 lare
337 793 505 848 certamen
524 786 630 848 oculis
645 786 819 866 subjicitur
835 808 843 847 ε

293 953 400 1021 Nunc„
416 953 453 1024 V,
470 971 499 1010 v.
519 953 575 1007 192
592 970 599 1006 ε

437 1049 509 1104 Nam
523 1049 599 1104 bello
614 1051 770 1122 accingens
786 1067 942 1121 generosus
956 1050 987 1104 in
1000 1066 1067 1104 aera
1082 1065 1166 1111 sese,

441 1146 517 1201 Dum
531 1148 620 1217 volat,
637 1154 768 1203 occurset
780 1147 869 1219 longo
883 1148 951 1202 licet
965 1147 1054 1201 ardea
1066 1152 1158 1202 rostro

439 1246 477 1300 Et
496 1247 571 1301 collo
587 1263 621 1299 ac
635 1244 756 1314 pedibus
771 1245 898 1316 grandis,
915 1236 1099 1300 tenuissimus
1114 1246 1201 1298 altem

437 1339 533 1396 Altior
547 1341 674 1410 invadit3
690 1343 804 1397 bellum
820 1342 894 1414 gerit
908 1343 995 1397 ardea
1009 1346 1121 1413 contra,

438 1440 477 1494 Et
491 1440 576 1494 rostri
586 1440 685 1510 jaculo
698 1456 728 1494 se
748 1440 874 1511 protegit
888 1456 1001 1509 aspera.
1016 1437 1099 1494 Miles

443 1535 545 1606 Aliger
559 1543 647 1607 atquc
660 1536 754 1589 audax
767 1535 808 1590 nil
823 1537 859 1590 ad
872 1554 932 1591 rem
946 1540 1095 1606 computat
1109 1540 1190 1595 artus

444 1633 581 1703 Ingentes
596 1631 710 1702 majoris
724 1633 785 1690 uvis
798 1633 887 1704 longa
902 1651 981 1687 arma
995 1632 1133 1706 gerentis,

443 1727 502 1782 Sed
516 1729 569 1782 sibi
585 1728 732 1783 confidens
746 1746 799 1784 nec
812 1729 888 1784 bello
903 1729 1054 1802 inglorius,
1071 1746 1156 1783 auras

444 1822 555 1880 Circuit
568 1832 596 1880 et
612 1828 747 1897 supplent
760 1827 883 1897 pedibus
896 1828 1053 1898 pendentia
1067 1826 1153 1881 motis

442 1923 513 1977 AEra
529 1923 607 1978 tubae
621 1923 758 1994 sonitum,
777 1941 834 1995 quo
849 1925 930 1978 cordi
943 1924 1067 1978 audacia
1082 1922 1195 1980 crescit.

442 2021 503 2077 Nec
518 2022 597 2093 prius
612 2022 697 2077 aeriis
712 2022 824 2078 revolat
836 2027 957 2078 venator
969 2019 1007 2076 ab
1021 2020 1107 2075 armis

442 2117 588 2191 Penniger
601 2137 636 2173 ac
650 2121 745 2175 victor
757 2118 819 2188 fiat,
837 2120 989 2189 curvisque
1002 2118 1130 2188 rapinam

441 2217 596 2288 Unguibus
608 2217 776 2288 implicitam
790 2217 889 2272 crebro
904 2222 981 2273 rotet
995 2217 1063 2271 orbe
1079 2217 1246 2284 cadentem3

444 2317 536 2380 Quam
551 2317 819 2386 superincumbens
833 2318 973 2389 sequitur,
989 2317 1152 2388 praedaeque
1166 2321 1303 2370 cruentus

444 2412 601 2486 Sanguine,
618 2415 711 2469 calcat
724 2415 804 2469 humi
817 2421 876 2469 tam
891 2417 1001 2486 longum
1016 2415 1143 2482 cruribus
1156 2414 1278 2486 hostem,

445 2511 514 2565 Tum
529 2513 638 2584 longum
651 2520 753 2582 rostro,
770 2513 879 2585 longum
893 2513 1055 2581 ceruicibus,
1071 2511 1137 2570 alia.

303 2671 449 2733 Cuilibet
464 2674 715 2751 postremoshos
726 2674 852 2752 legenti
866 2692 980 2736 versus
996 2681 1161 2737 succurret
1178 2673 1265 2736 illud
1279 2673 1426 2738 Fontani

256 2777 361 2837 nostri
378 2798 385 2837 :

296 2952 337 3006 Lc
350 2952 458 3021 Hdrou7
473 2952 494 3011 l.
510 2953 578 3024 VII,
593 2953 616 3012 f.
633 2955 651 3009 4
670 2975 676 3009 ι

459 3052 504 3105 Uo
510 3054 592 3121 jour,
609 3071 659 3110 eur
671 3070 714 3107 ece
728 3054 807 3124 lorsqu
815 3053 908 3124 picclc,
925 3054 1009 3108 alluit
1016 3054 1051 3122 jc
1065 3072 1100 3108 oc
1112 3053 1171 3108 sair
1185 3053 1221 3107 oia

389 3229 395 3240 ·
455 3152 496 3204 Le
510 3150 595 3204 Ιιένοη
608 3168 646 3204 ac
661 3150 724 3221 long
739 3152 785 3204 bec
800 3150 953 3205 emmaoclrd
966 3151 1033 3205 d’uu
1047 3150 1111 3221 long
1126 3167 1186 3208 coc.

300 3309 370 3372 Nec
391 3310 441 3371 ihi
459 3318 586 3372 tantum
606 3309 704 3372 Petro
726 3311 866 3388 contigit
888 3319 925 3373 ut
946 3313 1105 3390 quosdam
1120 3310 1216 3372 illius
1232 3307 1426 3373 fabularum

256 3433 354 3494 supra
381 3416 603 3480 imitationem
625 3416 725 3496 positi
752 3417 921 3496 scriptoris
945 3436 1058 3479 versus
1082 3418 1178 3499 quasi
1204 3416 1426 3481 balbutiendo

255 3522 345 3600 prior
360 3523 511 3584 emisisse
526 3523 703 3584 videretur.

301 3630 431 3700 Quercus
446 3639 472 3690 et
486 3630 679 3690 namucno
694 3629 888 3690 memoriam
902 3636 1031 3690 revocat
1046 3628 1118 3691 haec
1133 3627 1317 3691 similitudo
1333 3647 1343 3689 :

295 3799 319 3866 Ι,
336 3815 365 3853 v.
383 3797 440 3852 588
458 3813 465 3854 :
480 3797 522 3852 Ut
535 3797 609 3852 solet
622 3797 719 3853 afflatu
734 3799 857 3853 stridens
870 3803 1066 3853 transcurrere
1081 3797 1183 3874 siluam

479 3896 635 3967 Fagincam
650 3897 767 3966 Boreas,
783 3896 904 3950 humiles
919 3913 974 3950 nec
987 3896 1092 3950 laedere
1107 3895 1201 3966 fagos,

483 3993 539 4048 Sed
552 3993 630 4048 flecti
643 3993 759 4065 ignaras
764 4034 824 4051 .....

298 4153 374 4214 lam
387 4170 486 4232 prope
501 4152 726 4216 adumbratam
741 4151 885 4215 fabulam
899 4153 935 4213 in
948 4153 1002 4214 his
1018 4153 1171 4216 versibus
1186 4152 1311 4215 habes:

295 4321 332 4395 V,
349 4341 376 4381 v.
395 4323 431 4378 15
449 4340 493 4394 sq.
508 4341 515 4377 :

472 4462 613 4478 .....
634 4417 680 4473 Sic
694 4436 770 4489 saepe
784 4420 895 4490 lupum,
911 4438 978 4475 cum
994 4426 1096 4492 captus
1113 4420 1188 4476 ovile

466 4518 573 4574 Incidit
585 4518 616 4573 in
633 4517 770 4591 clausum,
786 4518 895 4573 tristem
910 4519 1063 4591 mitemque
1079 4519 1220 4591 videmus,
