3306 5468
713 1131 862 1195 CAPUT
887 1130 922 1190 ΙΙ

253 1377 452 1430 NnNcnrnts
480 1377 779 1430 ntsr081r10.-
800 1373 998 1437 QUATENUS
1028 1373 1065 1426 IN
1094 1372 1169 1424 HOC
1198 1371 1379 1423 rounam

506 1521 695 1572 HISTORIAE
725 1520 830 1570 mons
860 1518 1031 1570 SERVATA
1060 1517 1132 1568 SIT.

281 2293 443 2354 Noacet'dis
470 2291 576 2370 ipsius
601 2298 830 2366 argumentum
851 2291 958 2368 primo
983 2290 1138 2370 adspectu
1163 2290 1306 2351 intuenti
1334 2308 1404 2352 non
1455 2281 1456 2285 ’

238 2400 412 2475 indignum
427 2398 595 2478 apparebit
611 2397 697 2476 quod
712 2397 797 2476 epici
812 2398 968 2459 carminis
984 2415 1067 2458 onus
1083 2406 1267 2459 sustentare
1282 2395 1401 2462 valeat.

237 2505 344 2567 Immo
359 2504 524 2584 copiosam
542 2509 574 2564 et
589 2503 793 2565 commodam
807 2512 910 2583 poetae
926 2505 1095 2566 materiam
1111 2504 1146 2562 in
1162 2511 1312 2583 promptu
1330 2522 1403 2566 esse

236 2610 338 2692 dicas,
355 2610 476 2690 qnippe
496 2628 569 2690 quae
589 2629 658 2671 rem
681 2628 781 2672 unam
804 2611 1039 2690 complectatur
1061 2611 1272 2673 varietatibus
1292 2618 1405 2672 tamen

237 2718 437 2781 distinctam.
470 2717 633 2803 Τριλογίαν
662 2727 749 2780 certe
774 2717 861 2779 haud
886 2719 1052 2780 immerito
1073 2717 1291 2797 appellaveris
1316 2717 1404 2779 hanc

236 2841 422 2904 pugnarum
453 2826 570 2885 seriem
595 2843 668 2903 quac
702 2825 788 2904 apud
819 2827 1082 2906 Grandisonum,
1108 2826 1287 2908 Moratum,
1313 2825 1404 2886 Nan·

237 2931 347 2992 seium
367 2931 510 3010 denique
531 2939 688 2996 consertae
711 2940 788 2993 sunt
808 2939 840 2992 et
861 2933 980 3010 quibus
1003 2935 1118 2995 obruta
1133 2942 1181 2994 est
1197 2932 1406 2995 formidanda

241 3035 353 3098 Caroli
366 3039 524 3117 potentia.
544 3036 649 3098 Nemo
665 3045 714 3099 est
730 3039 788 3117 qui
804 3055 869 3099 non
885 3031 1026 3099 fateatur
1042 3037 1136 3099 nullo
1150 3039 1218 3100 iere
1234 3039 1270 3098 in
1284 3045 1403 3099 eventu

239 3144 360 3205 clarius
375 3143 577 3223 deprehendi
589 3143 749 3205 occultam
760 3143 854 3204 illam
864 3144 925 3203 lati
935 3143 1107 3223 invidiam,
1118 3143 1267 3228 re'peotra
1278 3142 1405 3204 Graecis

240 3249 371 3331 dictam,
384 3267 456 3328 quae
474 3268 572 3329 supra
585 3249 769 3311 humanum
784 3248 918 3309 modum
935 3249 1160 3327 superbientes
1175 3256 1207 3310 et
1223 3249 1406 3312 ambitione

239 3355 414 3431 flagrantes
440 3374 478 3417 ex
502 3356 566 3417 alto
588 3357 721 3433 fastigio
744 3355 863 3431 gaudet
883 3355 1039 3434 dejicere.
1058 3354 1135 3435 Vel,
1152 3362 1189 3416 ut
1207 3355 1312 3432 magis
1332 3354 1405 3416 illis

238 3464 442 3540 temporibus
458 3463 687 3524 consentaneis
706 3462 816 3524 verbis
838 3469 919 3542 utar,
938 3463 995 3523 ubi
1015 3464 1161 3540 apertius
1177 3481 1275 3541 quam
1289 3463 1325 3522 in
1340 3462 1404 3525 hac
1497 3445 1501 3453 ⁸

239 3566 350 3629 Caroli
379 3568 469 3629 clade
498 3568 619 3629 divinae
649 3567 873 3630 Providentiae
905 3566 1082 3629 consilium
1105 3567 1304 3648 declaratur,
1329 3585 1404 3647 quae

241 3672 407 3751 «deponit
427 3680 576 3751 potentes
598 3674 638 3735 de
663 3673 739 3735 sede
761 3681 793 3734 et
815 3673 933 3735 exaltat
951 3673 1116 3734 humiles¹
1132 3670 1183 3734 »i
1206 3673 1274 3736 Nec
1292 3675 1406 3734 minus

238 3787 347 3858 aptam
361 3797 420 3858 per
435 3797 469 3841 se
484 3779 569 3841 hauc
589 3779 761 3841 historiam
782 3799 853 3842 esse
872 3781 1115 3842 existimaveris
1133 3781 1174 3843 ad
1188 3780 1404 3842 detinendum

238 3886 501 3964 monendumque
515 3904 629 3948 eorum
645 3887 793 3947 animum
811 3886 839 3946 si
854 3887 912 3964 qui
927 3906 980 3947 res
995 3886 1155 3948 humanas
1170 3905 1188 3947 a
1202 3886 1273 3947 Deo
1287 3905 1403 3965 parum

239 3991 292 4053 vel
315 3991 452 4052 minime
477 3994 584 4053 curari
608 3993 816 4055 arbitrentur.
839 3991 985 4054 Cuilibet
1006 3994 1110 4071 euim,
1129 3992 1307 4054 dummodo
1329 3992 1403 4071 ejus

240 4101 276 4160 in
293 4106 405 4160 mente
424 4100 531 4175 vigeat
548 4101 659 4178 patriae
679 4116 782 4179 amor,
801 4098 1051 4161 admirationem
1070 4099 1210 4159 incutiet
1232 4097 1403 4176 haudqua-

241 4295 451 4307 —u————

279 4421 299 4470 l.
314 4418 374 4470 Non
393 4422 562 4472 incommode
580 4420 701 4472 loannes
720 4421 835 4471 Basinus
855 4421 892 4484 (in
911 4422 1059 4471 n'aacetao
1078 4421 1247 4483 praelatione)
1268 4421 1406 4471 Renatum

240 4504 301 4540 cnm
315 4491 410 4556 Isayda
424 4493 546 4553 Davidio‚
562 4493 685 4543 Garolnm
700 4497 791 4542 autem
806 4506 868 4542 cum
884 4491 1011 4542 Philisteo
1029 4491 1133 4541 Goliath
1149 4496 1296 4556 comparat.
