3306 5468
751 568 926 634 ...44-

292 715 363 775 Hoc
387 713 512 774 irarum
526 719 609 774 aestu
632 713 816 774 ferventem
833 710 990 775 Carolnm
1006 713 1190 790 pracsertim
1205 713 1374 792 adspicias
1389 715 1428 775 in

245 821 307 882 hac
324 818 376 880 lll
392 818 471 880 libri
487 826 576 896 perte
593 818 650 879 ubi
664 836 724 897 per
739 837 902 880 summam
916 818 1075 898 inJuriam
1090 818 1237 880 damnati
1254 818 1425 883 Suffronis

244 933 399 988 narratur
415 925 629 1002 supplicium.
648 924 740 985 Licet
756 925 847 985 enim
863 924 981 987 ducem
996 924 1253 1003 impensissimis
1270 928 1427 1006 precihus

244 1031 419 1108 Burgnndi
450 1047 601 1108 proceres
630 1029 803 1092 obsecrent
827 1038 858 1091 et
878 1033 1083 1092 obtestentur
1106 1039 1142 1091 nt
1172 1033 1277 1111 equiti
1308 1043 1424 1112 parcat

245 1139 339 1217 probi
353 1138 515 1215 fortisque
533 1137 616 1198 civis
637 1136 752 1197 munia
766 1144 931 1217 exsecuto,
948 1148 1059 1198 manet
1073 1137 1290 1199 inconcussus
1306 1147 1337 1200 et
1355 1141 1403 1200 im
1415 1173 1428 1184 ·

244 1244 422 1324 placabilis
438 1242 600 1305 Carolus:

243 1369 349 1436 Nono„
360 1366 417 1437 III,
429 1386 458 1426 v.
470 1366 528 1422 469
545 1383 590 1436 sq.
605 1386 612 1419 ι
636 1410 662 1424 ..
676 1409 682 1423 .
696 1365 737 1420 At
750 1366 775 1420 is
789 1367 909 1436 scopulo
924 1383 977 1436 par
992 1365 1185 1437 immotusque
1200 1367 1312 1422 marino

532 1461 636 1516 Obstat
649 1467 678 1515 ct
692 1468 825 1516 orantum
841 1462 890 1531 pia
904 1480 964 1515 non
978 1461 1043 1532 pius
1059 1461 1184 1517 obstruit
1203 1480 1264 1533 ora,

531 1557 629 1628 Atque
644 1575 714 1611 sono
729 1575 840 1612 rursum
856 1558 999 1628 horrendo
1017 1557 1145 1613 crudelia
1159 1558 1254 1613 firmat

532 1654 714 1723 Juramenta,
731 1655 880 1725 minasque
895 1655 976 1710 addit
989 1671 1161 1726 poenamque
1175 1661 1329 1726 precantes

533 1748 604 1812 Quat
620 1749 716 1819 feriat,
733 1768 778 1821 sq.
1323 1748 1326 1754 ’

265 1826 332 1904 'ca
349 1848 407 1915 111,
423 1865 453 1906 v.
470 1849 526 1902 aar
544 1864 588 1918 sq.

291 1962 406 2024 Multis
430 1981 560 2042 quoqne
584 1962 666 2027 locis
688 1963 783 2024 ducis
804 1964 929 2024 invicta
950 1973 982 2025 et
1010 1964 1189 2026 exitiabilis
1212 1952 1422 2042 signifieatur

245 2069 437 2148 pertinacia.
457 2070 502 2132 Ut
518 2088 555 2131 ex
570 2069 699 2130 infinita
714 2069 940 2148 exemplorum
956 2071 1049 2148 copia
1062 2088 1168 2133 tinum
1183 2071 1318 2153 eligam,
1342 2073 1420 2134 vide

245 2194 344 2254 quam
366 2176 551 2236 contumaci
574 2176 720 2236 oratione
742 2174 933 2253 Burgundis
950 2178 1118 2238 nobilibus
1139 2176 1320 2240 reluctetur
1342 2177 1421 2239 hor-

246 2282 390 2342 tantibus
410 2291 443 2341 ut
458 2281 499 2342 ad
514 2289 643 2360 tempus
662 2281 804 2342 Nanceii
820 2282 1027 2344 obsidionem
1040 2284 1217 2366 relinquat,
1237 2285 1323 2345 vires
1341 2303 1420 2345 suas

245 2386 441 2448 refecturus.

351 2509 388 2578 V,
406 2526 436 2566 v.
453 2510 510 2565 724
525 2524 588 2579 sq.=
609 2533 621 2558 ‹
641 2508 664 2562 Ο
680 2509 785 2579 quibus
800 2515 844 2564 est
858 2511 923 2565 odio
938 2511 1007 2566 belli
1021 2490 1109 2566 decus
1124 2528 1219 2584 omne,
1236 2513 1292 2571 etcss
1309 2535 1321 2561 ›

285 2604 330 2660 cf.
348 2607 495 2676 v‚v.775
512 2625 577 2677 sq:
715 2606 776 2661 Neo
791 2607 872 2661 abest
887 2608 937 2678 qui
951 2607 1067 2663 flectere
1082 2612 1164 2662 curet

509 2703 652 2773 Principis
666 2704 697 2757 in
711 2703 814 2757 melius
828 2711 962 2759 mentem.
981 2704 1038 2758 Sed
1053 2704 1178 2759 contrait
1192 2722 1267 2759 unus

509 2797 660 2865 Omnibus,
676 2807 763 2868 atque
777 2800 849 2853 mori
864 2800 974 2854 mavult
987 2817 1073 2870 quam
1089 2800 1204 2854 erodere
1220 2800 1331 2860 vivens.

511 2895 641 2960 Qualiter
656 2895 789 2950 indomiti
803 2896 827 2950 si
841 2898 906 2966 quis
920 2897 992 2953 velit
1005 2914 1055 2951 ora
1071 2896 1175 2950 caballi

510 2993 641 3047 Flectere
654 3009 712 3064 qua
728 2992 764 3046 sit
778 2993 843 3063 iter,
860 3012 919 3049 non
934 2994 1154 3049 mansuetudine
1169 2992 1305 3063 cuiquam

510 3089 608 3161 Paret,
625 3093 655 3142 at
667 3088 798 3144 infrenus
813 3109 871 3161 quo
886 3110 966 3147 mens
982 3091 1059 3160 rapit
1073 3090 1159 3145 effera
1173 3089 1275 3149 fertur.

509 3189 584 3242 Tum
600 3187 730 3241 stimulos
744 3205 838 3242 sessor
852 3191 875 3244 si
891 3190 979 3243 costis
994 3189 1140 3258 admovet,
1157 3188 1241 3243 orbas

508 3285 643 3339 Volvitur
656 3285 687 3338 in
702 3302 805 3339 curvos
820 3288 996 3356 quadrupes,
1013 3287 1057 3342 vel
1072 3286 1102 3340 in
1117 3303 1185 3340 aera
1199 3293 1295 3342 rectus

509 3383 647 3450 Tollitur,
663 3389 693 3437 et
706 3383 796 3437 valles
808 3383 879 3438 levis
895 3389 924 3438 ot
934 3385 1007 3454 juga
1023 3385 1129 3439 scindit
1144 3402 1275 3456 onusque

507 3480 693 3550 Praecipitare
711 3497 792 3534 suum
807 3484 954 3549 semetque
969 3498 1020 3550 per
1033 3481 1112 3537 invia
1127 3483 1242 3552 quaerit.

509 3575 556 3629 Sic
572 3576 718 3631 Senonum
736 3577 868 3630 dominus
872 3617 932 3634 .....
951 3593 994 3646 sq.

288 3679 413 3740 Rursus
441 3689 552 3742 antem
579 3682 621 3742 ad
649 3682 797 3744 historiae
824 3684 924 3744 fidem
952 3701 971 3743 a
1000 3692 1110 3745 nostro
1136 3681 1249 3745 Caroli
1274 3685 1417 3748 virtutes

243 3786 444 3867 referuntur,
457 3788 572 3868 immo,
586 3788 660 3848 data
671 3790 854 3870 occasione,
869 3789 973 3867 effuse
988 3789 1175 3871 laudantur,
1189 3791 1367 3870 interqnas
1380 3793 1420 3855 in
1489 3841 1494 3848 .

243 3892 361 3969 primis
379 3893 546 3968 egregiam
563 3892 792 3954 fortitudinem
805 3911 909 3971 ponas
931 3901 964 3955 et
984 3894 1116 3956 virileni
1132 3896 1314 3957 audaciam.
1333 3896 1419 3969 Quae

242 3997 323 4058 olim
338 3999 375 4058 in
390 4005 437 4059 tot
452 3998 548 4060 bellis
565 4000 721 4079 praeclare
737 4007 768 4060 et
782 3999 926 4067 feliciter
944 3999 1082 4063 Carolus
1093 4001 1207 4082 gessit,
1221 4002 1326 4081 ipsius
1338 4020 1420 4065 con·

242 4104 403 4165 tionantis
428 4120 483 4164 ore
507 4113 636 4165 enarrat
651 4112 765 4166 noster
778 4102 864 4189 (Lib.
883 4104 925 4187 V,
944 4126 975 4169 v.
993 4102 1156 4189 461-619)
1172 4115 1202 4168 et
1219 4125 1318 4186 quam
1332 4117 1420 4171 stre-

243 4227 330 4271 nuus
343 4208 457 4289 fuerit,
473 4217 673 4288 quantopere
690 4209 844 4287 dignitati
862 4229 929 4273 suae
946 4219 978 4274 et
992 4212 1087 4272 famae
1104 4212 1256 4274 servierit
1271 4212 1420 4276 libenter

243 4317 433 4394 profitetur:

294 4440 319 4508 I,
330 4417 359 4498 Ι.
377 4439 435 4494 446
450 4457 493 4510 sq.
509 4459 516 4493 ε
532 4439 594 4495 Nec
609 4440 645 4494 de
659 4439 838 4510 principibus
856 4457 927 4511 quos
942 4440 1048 4494 clarior
1063 4439 1148 4494 efficit
1162 4445 1241 4495 ortus

535 4536 688 4592 Terrarum
698 4538 829 4592 dominos
843 4537 1000 4593 animosior
1010 4536 1093 4593 affuit
1105 4538 1196 4610 nllus,
