3306 5468
734 582 912 650 ..41-

238 731 523 794 dicaretlaudem
556 747 616 792 nec
644 738 809 809 pateretur
832 730 886 791 vel
920 729 1103 792 labeculam
1132 737 1232 793 tantae
1260 731 1407 794 victoriae

239 839 379 916 quadam
395 845 537 916 exparte
554 854 628 898 cum
643 836 810 915 proditore
824 837 1074 898 communicatae
1086 838 1198 899 decori
1212 839 1410 918 adspergere

240 944 357 1006 videri.
385 944 465 1006 Haec
486 945 710 1006 tantummodo
730 946 766 1004 in
789 950 855 1005 tota
874 945 1025 1006 Noccet'de
1046 961 1119 1023 quae
1136 946 1178 1006 ad
1198 946 1353 1008 comitem
1370 946 1411 1007 de

241 1048 366 1128 Campo
381 1049 484 1110 Basso
498 1049 684 1127 pertineant
695 1049 844 1110 invenias
858 1068 866 1108 ε

279 1217 316 1277 L.
332 1217 385 1287 VI,
403 1217 460 1272 529
480 1236 486 1270 :
508 1259 536 1275 ..
569 1260 616 1276 ...
635 1217 690 1272 Ast
704 1233 777 1286 pons
791 1211 869 1269 amni
884 1222 927 1271 est
942 1233 1055 1286 saxeus,
1071 1180 1172 1287 inquo

500 1315 606 1370 Clausa
620 1316 691 1386 fuga
705 1321 749 1370 est
762 1315 878 1384 Burgis,
894 1314 948 1369 bos
962 1320 1002 1383 te,
1019 1316 1063 1373 vir
1078 1317 1155 1371 clere
1170 1333 1323 1389 comesque

499 1411 543 1465 De
559 1411 753 1480 Campobasso
768 1410 878 1481 gelidae
893 1417 1014 1482 urgente
1029 1412 1081 1466 sub
1098 1413 1202 1470 undas.

283 1574 353 1635 Nec
382 1569 578 1633 incredibile
607 1570 709 1631 etiam
729 1578 795 1649 est,
821 1568 895 1631 vivo
921 1570 1029 1632 adbuc
1057 1571 1195 1650 comite,
1227 1571 1411 1632 Noncet'dem

241 1679 397 1756 scriptam
412 1695 496 1756 esse,
518 1687 572 1738 aut
592 1675 710 1738 saltem
729 1677 802 1756 ejus
820 1676 901 1738 liliis
922 1678 1109 1752 cognatisve
1123 1683 1273 1738 nostrum
1289 1676 1410 1738 moles-

242 1795 311 1846 tum
325 1802 399 1846 esse
414 1783 577 1863 noluisse,
591 1801 665 1844 cum
674 1782 876 1862 proditorem
887 1783 949 1845 hoc
960 1784 1232 1846 tantumnomine
1244 1782 1408 1861 appellet:

241 1893 291 1952 otr
305 1893 397 1969 clere,
414 1900 445 1952 et
459 1892 499 1953 de
511 1891 582 1970 ejus
596 1890 733 1969 perfidia
748 1888 857 1952 sileat.

285 1995 348 2077 Ita,
373 1996 527 2058 omuibus
551 1996 619 2057 iere
644 1997 680 2056 in
706 1995 810 2077 locis,
837 2013 910 2074 quae
935 1997 1056 2057 Renati
1078 1995 1213 2057 laudern
1236 1995 1411 2058 obscurare

240 2121 336 2180 posse
352 2103 549 2166 videbantur
563 2103 725 2164 scientem
748 2100 978 2180 volentemque
999 2101 1137 2164 Petrum
1155 2103 1412 2182 praetermisisse

240 2207 383 2270 libenter
405 2207 639 2271 crediderim¹.
658 2209 696 2270 Si
718 2209 863 2270 dandum
884 2209 990 2285 igitur
1013 2216 1063 2270 est
1090 2228 1167 2271 eum
1194 2209 1346 2287 quaedam
1373 2209 1410 2268 in

240 2314 416 2393 praeteritis
436 2314 627 2395 reliquisse,
654 2330 720 2375 iton
736 2314 813 2376 ideo
829 2316 904 2395 jure
925 2315 1140 2378 contendatur
1162 2332 1228 2377 non
1249 2316 1291 2379 ad
1311 2314 1410 2375 fidem

240 2421 387 2485 historiae
403 2441 441 2484 ea
456 2440 529 2502 quae
545 2423 660 2485 retulit
675 2422 779 2483 inisse
794 2431 934 2486 narrata.

286 2529 382 2602 Quod
395 2539 504 2592 autem
524 2530 641 2591 attinet
660 2528 702 2590 ad
722 2546 759 2589 ea
780 2546 852 2607 quae
875 2530 914 2591 de
939 2529 1035 2590 rebus
1051 2522 1267 2608 personisque
1284 2529 1414 2608 judicia

242 2635 320 2711 fecit
333 2642 457 2717 noster,
475 2653 606 2714 aequum
632 2653 667 2696 se
689 2633 826 2695 Petrum
844 2634 1100 2698 existimatorem
1115 2634 1311 2713 plerumque
1332 2652 1413 2714 prae-

242 2740 365 2802 stitisse
381 2741 449 2802 dici
462 2741 593 2820 poterit.
1031 2720 1033 2725 ¹

288 2846 393 2908 Nemo
409 2847 500 2907 enim
515 2846 713 2909 infitiabitur
729 2845 834 2909 libere
850 2847 961 2908 animo
982 2864 1058 2907 eum
1074 2846 1113 2908 de
1132 2843 1251 2908 Carolo
1266 2845 1415 2906 locutum

240 2951 315 3014 'esse
340 2958 372 3013 et
396 2952 436 3013 de
457 2969 495 3013 eo
515 2960 602 3014 recte
619 2953 834 3032 judicavisse.
857 2952 967 3025 Quum
983 2971 1060 3014 eum
1079 2959 1232 3029 agentem
1246 2958 1303 3012 aut
1317 2953 1416 3012 verba

242 3057 419 3120 facientem
438 3058 580 3138 inducit,
601 3057 696 3120 nullo
723 3059 819 3121 modo
838 3059 885 3120 ita
906 3060 1044 3120 affectus
1065 3059 1196 3120 videtur
1211 3050 1247 3118 ut
1261 3057 1415 3134 Burgun-

242 3163 357 3225 dorum
373 3163 468 3225 ducis
493 3162 610 3225 laudes
632 3162 740 3234 levare
757 3164 808 3225 vel
834 3163 998 3226 occultare
1017 3163 1111 3225 velit.
1135 3163 1227 3224 Adeo
1250 3180 1317 3223 non
1338 3181 1413 3223 eum

241 3268 403 3346 depressit
430 3276 467 3331 nt
498 3276 611 3331 contra
644 3288 662 3330 a
690 3269 889 3349 quibusdam
923 3270 1046 3347 primas
1075 3269 1196 3348 sapius
1226 3265 1343 3329 Carolo
1373 3268 1410 3328 in

240 3373 392 3436 Ncncet'de
413 3383 519 3453 partes
543 3373 701 3437 detulisse
722 3376 928 3437 existimatus
950 3377 1005 3438 sit.
1024 3375 1171 3455 Etenim,
1194 3374 1299 3453 ipsius
1314 3391 1411 3451 argu·

246 3517 456 3528 —nae—--.

277 3596 296 3647 l.
312 3596 438 3647 Studiose
458 3601 552 3646 contra
570 3598 644 3647 idem
663 3598 771 3662 collegit
786 3613 847 3663 quae
863 3599 927 3650 duci
941 3599 1115 3662 splendorem
1130 3597 1228 3649 allerre
1240 3598 1357 3650 valeant.
1372 3599 1415 3649 lta

241 3667 391 3717 firmissime
406 3671 545 3717 asseveret
559 3669 696 3718 Ranetum
710 3670 744 3720 eb
764 3668 894 3720 Helvetiis
911 3670 1047 3720 exercitus
1062 3670 1162 3720 ducem
1176 3670 1294 3720 electum
1310 3683 1371 3719 esse
1386 3670 1414 3718 in

242 3737 389 3788 Meratensi
403 3751 494 3802 pugna
512 3756 518 3786 ε

281 3818 361 3869 Naar,
372 3818 404 3869 11,
414 3830 436 3858 v.
447 3821 473 3859 39
483 3830 518 3867 sq.
529 3829 535 3858 z
549 3820 712 3860 .......Olaro
722 3821 826 3869 quamvis
837 3832 850 3860 a
860 3822 969 3870 sanguine
979 3821 1110 3873 abhorrent,

549 3882 579 3919 Et
588 3881 670 3929 linguae
678 3882 783 3930 ignarum
793 3885 833 3922 sed
842 3895 888 3923 non
896 3885 942 3922 nlsi
950 3885 1041 3923 nomine
1049 3888 1127 3924 notum

548 3943 672 3982 Praelecere
681 3943 767 3994 ducem,
779 3945 833 3984 belli
842 3947 877 3985 cul
888 3950 967 3995 pareat
977 3946 1049 3986 omnis

547 4005 686 4046 Bellatorum
695 4007 755 4046 acles
764 4009 865 4056 Burgum
875 4009 974 4048 fractura
984 4005 1103 4048 mlnacem.

271 4070 350 4130 Quod
365 4085 457 4120 rerum
471 4073 619 4136 scriptores
635 4075 718 4124 certis
733 4076 796 4125 irati
809 4076 967 4128 auctoribus
983 4081 1095 4140 negant.

271 4141 312 4191 Cf.
328 4143 361 4192 Α.
378 4143 467 4206 Digot,
483 4147 604 4195 Histoire
619 4146 812 4212 deterrente,
828 4152 848 4198 t.
864 4148 912 4207 Ill,
927 4163 955 4211 p.
971 4149 1017 4198 285
1036 4166 1041 4197 ι

272 4213 352 4263 «Les
370 4214 516 4265 historiens
531 4215 653 4275 lorraine,
674 4216 789 4280 pousse's
803 4232 852 4282 par
870 4217 895 4268 le
911 4217 985 4268 de'sir
1003 4219 1037 4268 de
1059 4218 1206 4268 rehausser
1224 4218 1249 4267 la
1268 4216 1352 4281 gleire
1380 4218 1415 4268 de

241 4283 344 4334 «Rene
365 4285 399 4344 Il,
421 4290 466 4334 out
487 4284 555 4335 ecrit
569 4300 624 4351 que
640 4300 671 4336 ce
691 4288 786 4351 prinae
806 4289 877 4338 avait
892 4290 995 4339 obtenu
1014 4289 1038 4338 le
1055 4289 1292 4339 commendement
1307 4289 1342 4338 de
1357 4289 1417 4338 l'ar-

241 4372 251 4400 a
268 4353 338 4405 me'e.
359 4354 430 4406 C'est
450 4370 504 4406 une
524 4354 628 4406 erreur'.
645 4357 850 4421 Levant-garde
865 4358 913 4407 des
934 4357 1095 4408 conlede'res
1112 4356 1240 4409 obdissait
1261 4357 1277 4407 d
1297 4359 1366 4409 dean
1381 4360 1415 4409 de

241 4442 251 4469 l
269 4423 389 4489 llallwyl
405 4426 541 4476 chevalier
556 4427 635 4477 d'une
652 4428 785 4478 ancienne
802 4429 900 4479 tantille
917 4428 1078 4491 d’rlrgovie.
1147 4445 1165 4487 .;
1181 4427 1206 4477 le
1222 4443 1303 4492 corps
1319 4429 1354 4478 do
1370 4430 1416 4480 ba·

243 4514 253 4541 α
269 4496 341 4546 tuille
362 4495 427 4546 e'tait
441 4498 553 4546 couduit
571 4511 620 4561 par
639 4499 708 4549 dean
728 4499 908 4549 Waldemanu
923 4499 957 4548 de
978 4499 1078 4548 Zurich
1094 4503 1121 4548 et
1137 4499 1287 4550 Guillaume
1303 4497 1415 4560 Herter,

244 4584 254 4612 e
272 4572 324 4617 etc.
345 4604 412 4619 .....
430 4567 507 4618 Rene
522 4569 620 4619 n'avait
635 4569 719 4634 qu'un
734 4571 970 4620 commendement
985 4570 1152 4622 subalterne.
1171 4588 1181 4616 t
