3306 5468
726 556 901 625 ...⁶33-

239 710 311 772 Neo
335 708 448 784 magni
476 714 588 769 nostra
612 706 770 769 intererat
797 704 1016 767 Naneeieusis
1042 704 1142 784 hujus
1172 703 1255 766 civis
1283 720 1405 766 nomen

244 816 426 878 resciscere
442 815 536 894 cujus
557 813 593 873 in
610 812 698 873 aedes
713 811 827 875 Caroli
848 829 965 890 corpus
986 810 1131 872 delatum
1147 819 1218 873 est:
1240 808 1329 889 quod
1344 809 1406 871 Pe·

236 929 307 984 trus
325 920 459 982 silentio
474 936 540 981 non
555 919 724 998 praeteriit.

279 1091 389 1158 Nono„
405 1089 459 1157 IV,
475 1106 504 1144 v.
524 1089 601 1143 1073
618 1107 625 1141 ε
641 1087 741 1142 Exstat
754 1087 785 1140 in
798 1087 868 1141 urbe
884 1088 985 1142 domus
1000 1086 1056 1142 civi
1070 1086 1193 1159 privata,
1210 1085 1319 1158 Georgi

638 1184 747 1265 Marce,
763 1189 825 1254 tua,
843 1190 876 1239 ut
889 1189 1057 1243 memorant,

286 1344 338 1407 Ne
368 1354 480 1407 autem
509 1346 544 1407 in
575 1345 726 1425 pluribus
755 1344 915 1423 exemplis
944 1345 1119 1424 immorer,
1154 1343 1190 1403 in
1216 1343 1409 1404 universum

148 1466 153 1476 ·
239 1450 424 1512 Nanneidem
439 1451 616 1512 aestimanti
633 1449 711 1512 licet
726 1450 921 1513 concludere
938 1451 987 1511 ibi
1003 1469 1056 1512 res
1070 1467 1137 1512 nou
1151 1448 1217 1510 levi
1236 1448 1293 1509 sed
1314 1464 1409 1509 accu-

238 1557 404 1617 ratissima
419 1574 498 1617 cura
511 1555 629 1616 relatas
645 1573 728 1617 esse.

283 1661 637 1737 Fueritargumeutum
657 1662 745 1740 quod
764 1645 864 1721 multi
881 1679 919 1722 ex
938 1661 981 1722 iis
1000 1661 1058 1740 qui
1074 1659 1202 1723 bellum
1219 1659 1338 1721 Renati
1354 1659 1408 1740 ad-

240 1786 354 1829 versus
371 1765 527 1829 Carolum
542 1767 745 1845 scripserunt
760 1777 795 1828 ut
817 1765 1017 1846 locupletem
1030 1774 1201 1829 auctorem
1215 1765 1352 1826 Petrum
1368 1764 1408 1825 de

239 1872 339 1934 Blaro
360 1873 446 1934 Rivo
469 1871 679 1952 protulerunt
700 1881 732 1934 et
753 1872 792 1933 ab
815 1890 853 1934 eo
875 1873 1078 1935 confidenter
1099 1873 1250 1950 quaedam
1268 1872 1409 1932 mutuati

240 1986 330 2040 sunt.
356 1981 441 2040 llum
465 1987 566 2058 certe,
583 1995 634 2039 ne
659 1995 773 2040 omnes
794 1965 985 2058 persequar,
1001 1979 1042 2040 ad
1061 1978 1290 2041 testimonium
1315 1995 1409 2039 voca·

240 2092 357 2144 verunt
372 2085 483 2144 Aubert
497 2085 612 2144 Rolcncl
621 2081 643 2163 ¹,
660 2084 696 2143 de
711 2086 841 2144 Basante
851 2081 875 2164 ²,
892 2086 1057 2161 Hopuenio
1067 2081 1090 2163 ³,
1108 2085 1246 2144 lllcrchct
1255 2081 1276 2146 ⁴.

285 2188 376 2262 Quos
396 2197 506 2250 autem
520 2194 670 2250 auctores
686 2188 757 2267 ipse
774 2188 893 2250 Petrus
911 2189 950 2250 de
966 2189 1066 2250 Blaro
1083 2189 1168 2251 Rivo
1181 2189 1410 2250 habueritnon

241 2293 281 2353 ab
300 2311 336 2354 re
356 2294 418 2354 erit
437 2293 619 2373 inquirere.
642 2292 793 2354 Primum
812 2294 962 2355 omnium
983 2302 1015 2355 et
1035 2294 1146 2374 ipsum
1168 2301 1240 2355 acta
1261 2294 1411 2372 quaedam

242 2400 348 2461 oculis
377 2401 575 2478 comperisse
602 2400 672 2479 jam
701 2418 800 2479 supra
826 2400 951 2461 dietum
980 2409 1039 2480 est,
1071 2408 1107 2462 ut
1136 2401 1195 2479 qui
1223 2409 1254 2460 et
1280 2398 1412 2479 Spinali

243 2505 410 2568 obsidioni
433 2514 465 2566 et
491 2503 603 2566 Caroli
620 2505 786 2584 exsequiis
802 2505 1039 2567 imermissert.
1058 2505 1247 2585 Aliquoties
1264 2507 1362 2567 etiam
1377 2523 1411 2566 se

241 2610 305 2672 lroo
321 2622 376 2672 aut
393 2611 478 2673 illud
489 2611 529 2671 ab
544 2611 587 2671 iis
604 2611 662 2689 qni
676 2609 850 2671 audierant
863 2618 918 2672 aut
933 2618 1159 2689 spectaverant
1174 2611 1340 2688 excepisse
1352 2627 1411 2671 nos
1470 2655 1472 2659 «

240 2722 334 2784 docet
347 2743 354 2783 :

280 2889 324 2960 II,
340 2907 370 2948 v.
387 2890 444 2944 622
462 2907 469 2978 ξ
487 2888 599 2944 Taliter
613 2905 761 2959 aequoreoe
776 2889 877 2960 accepi
891 2889 979 2945 verba
992 2889 1149 2945 Britannos

487 2987 686 3046 Evomuisse..
698 3030 706 3045 .

241 3134 312 3207 Nec
327 3146 465 3208 dubium
482 3154 531 3208 est
547 3146 683 3232 Petrum
697 3145 737 3207 de
753 3144 877 3207 recenti
891 3145 980 3209 hello
998 3145 1084 3224 apud
1098 3146 1260 3225 plurimos
1276 3162 1411 3226 percon·

240 3342 450 3352 ——

273 3475 295 3526 1.
311 3475 342 3526 P.
358 3475 465 3526 Aubert
478 3475 592 3535 Roland,
607 3478 646 3526 Lo
663 3478 766 3525 Goerre
781 3476 815 3524 do
829 3475 906 3525 Rene'
916 3477 954 3538 ΙΙ,
966 3477 1019 3525 dac
1033 3476 1068 3525 de
1082 3478 1227 3540 Lorroine,
1240 3479 1300 3538 etc„
1316 3479 1410 3546 contro

242 3546 358 3596 charles
372 3548 480 3611 Hordp,
495 3549 548 3597 duc
562 3548 597 3596 de
611 3549 784 3609 Boarqopnc.
802 3546 1013 3610 (Luxembourg,
1029 3546 1063 3596 A.
1075 3546 1224 3606 chevalier,
1238 3547 1316 3610 1742),
1331 3560 1359 3611 p.
1369 3549 1411 3606 98,

269 3689 295 3737 2.
312 3686 352 3736 De
374 3687 504 3746 Barante,
523 3690 644 3739 Histoire
661 3688 710 3737 des
728 3689 794 3737 dues
813 3689 848 3738 cte
867 3690 1030 3751 Bourpopae
1052 3687 1087 3750 (1θ
1107 3685 1160 3746 eu,
1185 3688 1250 3747 1826,
1271 3688 1411 3752 Lavocet),

272 3829 296 3877 3.
312 3827 469 3890 Huguenin,
489 3829 611 3877 Histoire
630 3829 664 3878 de
683 3829 713 3879 la
732 3843 832 3891 querre
850 3831 885 3879 dc
903 3830 1040 3879 Lorraine
1061 3831 1087 3879 ct
1107 3829 1146 3877 du
1163 3829 1237 3891 slepe
1252 3830 1286 3878 do
1305 3831 1409 3894 Naaoy.

243 3899 330 3961 (Meta,
347 3899 476 3955 Troubat‚
494 3899 572 3960 1831).
589 3897 701 3958 lutrod.,
717 3913 744 3962 p.
759 3900 786 3948 2:
805 3917 815 3944 e
833 3900 885 3951 Les
900 3900 1064 3964 principales
1079 3913 1192 3949 sources
1211 3900 1392 3965 aurquellesj

244 3985 255 4014 r
271 3968 349 4031 puise
364 3982 434 4032 pour
449 3983 481 4018 ee
501 3969 595 4018 travail
608 3975 670 4018 sont
674 4007 788 4023 ........
806 3969 831 4020 la
850 3970 1000 4033 nfance'r'ue,
1020 3970 1117 4033 po’eme
1137 3968 1203 4019 latin
1217 3971 1250 4019 de
1267 3970 1362 4021 Pierre
1377 3972 1411 4020 de

241 4055 252 4084 ι
269 4039 351 4088 Bloru
366 4053 413 4088 sur
427 4038 452 4090 la
467 4053 565 4102 guerre
581 4040 617 4089 du
632 4041 685 4090 due
701 4041 734 4090 de
751 4040 911 4104 Bourgogue
928 4054 962 4090 en
977 4041 1148 4091 Lemaire...
1166 4058 1176 4085 a

272 4111 296 4160 1.
313 4109 392 4160 Abho
404 4110 532 4168 Murchal,
543 4111 674 4162 Memoirc
683 4125 732 4162 sur
742 4113 771 4162 la
782 4113 897 4163 boteille
907 4113 942 4162 de
956 4115 1051 4174 Naacp
1071 4111 1183 4175 (Nancy,
1194 4112 1312 4176 Vagner,
1332 4115 1410 4179 1851),

238 4182 291 4244 p.8
302 4198 326 4229 :a
342 4180 382 4230 Le
395 4180 491 4244 po'eme
505 4180 571 4230 latin
586 4181 619 4231 de
634 4181 659 4231 la
672 4183 822 4233 Naaceme.
834 4220 855 4232 ..
874 4187 916 4233 est
930 4197 968 4231 un
983 4181 1051 4232 echo
1066 4182 1144 4232 fid'ele
1157 4183 1191 4232 de
1208 4197 1239 4232 oo
1255 4198 1307 4248 que
1319 4197 1411 4235 racon-

243 4270 253 4298 (ι
271 4256 330 4302 tent
349 4265 396 4301 sur
414 4251 440 4301 la
458 4251 565 4302 boteille
581 4254 614 4303 de
634 4251 727 4318 Nanoy
745 4254 769 4304 la
786 4255 943 4319 chronique
962 4255 997 4303 de
1010 4257 1146 4305 lorraine
1162 4259 1190 4304 et
1204 4253 1244 4304 les
1259 4256 1411 4318 Dictoquer

244 4340 254 4368 α
272 4324 359 4378 (entre
375 4321 446 4372 leun
460 4321 521 4372 Lud
536 4329 563 4373 et
579 4323 730 4387 Chre'tien);
746 4325 813 4374 mais
829 4330 900 4375 cette
916 4325 1309 4390 compositionsremarquahle
1325 4326 1411 4392 opius

246 4411 256 4439 a
274 4393 338 4442 d'un
353 4393 424 4451 titre,
445 4393 561 4458 n’ajoute
582 4395 641 4445 rien
656 4396 689 4446 de
709 4397 774 4447 hieu
790 4395 986 4446 circonstanoie'
1002 4397 1078 4446 etde
1098 4396 1162 4445 bien
1177 4395 1267 4459 pre'eis
1282 4412 1335 4448 aux
1349 4399 1411 4448 faits

245 4483 255 4511 a
272 4479 377 4515 oonnus
392 4464 540 4525 d'ailleurs3
558 4466 607 4517 elle
624 4481 666 4517 me
682 4469 784 4518 servire
800 4467 953 4532 rependant
967 4467 1034 4517 dnus
1050 4480 1113 4515 mon
1127 4467 1230 4517 travail.
1247 4486 1257 4514 a

271 4537 295 4585 5.
310 4537 408 4598 Nune,
424 4536 444 4594 Ι,
463 4537 490 4586 13
505 4550 555 4600 sq„
572 4536 617 4587 551
632 4550 673 4601 sq.

344 4645 375 4675 na
389 4644 522 4676 narentur.
1287 4641 1300 4678 3
