3306 5468
802 590 846 598 -
868 549 911 619 92
935 591 979 600 .-

354 697 595 776 Impersoualia
609 697 768 759 inusitata
783 697 881 760 verha
895 704 1032 775 usurpat
1048 715 1055 759 :

348 841 404 910 ΙΙΙ,
421 859 450 898 v.
467 841 544 895 300:
568 882 839 898 ..........
860 856 943 893 usum
958 844 1013 894 est.

349 939 402 1006 IV,
419 955 446 995 v.
461 937 540 991 453:
563 978 744 997 .......
761 938 935 992 elementum
952 937 1086 994 venditur
1099 935 1206 1007 iguem.

356 1070 536 1133 Aunotavit
551 1069 583 1132 J.
601 1069 745 1131 Basinus
762 1089 769 1131 :
790 1094 804 1123 α
822 1068 1032 1131 venditur:
1049 1069 1366 1149 impersonaliter».

355 1176 448 1237 Adde
462 1197 470 1236 ι

330 1318 575 1388 q1,v.5ao:..
600 1362 605 1372 .
629 1360 837 1383 .....,..
861 1316 1113 1386 ..afforepresso

313 1420 314 1423 ’
536 1415 603 1470 Non
619 1416 693 1493 arisi.
707 1455 734 1472 ..
759 1430 865 1484 —pro
880 1433 886 1468 :
904 1415 1012 1484 adesce,
1030 1420 1086 1469 etc.

357 1537 528 1612 Quatenus
544 1559 622 1602 vero
637 1529 716 1601 artis
732 1539 868 1618 poeticae
884 1539 1055 1618 praeceptis
1071 1539 1349 1617 obtemperaverit
1362 1540 1486 1603 Petrus

310 1647 457 1709 breviter
472 1645 734 1737 edisserendum,
756 1641 862 1706 Nemo
885 1663 963 1706 sane
986 1652 1036 1707 est
1057 1646 1127 1725 qui,
1146 1642 1232 1707 lecta
1246 1643 1299 1707 vel
1315 1645 1489 1726 paulisper

311 1752 475 1828 Naucec'de,
493 1768 560 1812 non
576 1751 686 1813 statim
702 1750 875 1812 offenderit
891 1751 925 1811 iu
941 1769 1056 1812 versus
1072 1769 1138 1812 non
1153 1751 1370 1813 inconcinnos
1385 1751 1487 1812 modo

313 1859 371 1921 sed
387 1857 487 1920 etiam
502 1856 711 1938 asperrime,
730 1859 777 1920 ita
793 1865 829 1919 ιιι
843 1856 982 1918 minime
999 1858 1136 1920 dubium
1161 1858 1204 1919 sit
1224 1859 1257 1921 ei
1277 1855 1379 1920 molle
1400 1856 1488 1919 illud

313 1964 545 2026 Maronianum
561 1972 658 2042 atque
674 1963 816 2026 facetum
828 1961 989 2025 Camenas
1001 1982 1067 2026 non
1077 1965 1250 2027 annuisse.
1263 1963 1369 2046 Cujus
1380 1982 1489 2046 prosae

313 2071 456 2133 orationi
471 2071 615 2132 vicinius
630 2066 827 2149 plerumque
842 2071 930 2149 repit
944 2088 1089 2132 carmen.
1107 2071 1232 2134 Versus
1252 2082 1361 2133 autem
1376 2071 1487 2133 inani-

311 2179 372 2239 hus
388 2179 579 2256 frequenter
592 2184 624 2238 et
639 2177 758 2239 iisdem
769 2177 916 2254 scrupeis
932 2177 1041 2237 verbis
1053 2176 1236 2258 suppletur,
1253 2176 1438 2257 multisque
1451 2179 1488 2239 in

211 2365 215 2370 Ι
313 2284 398 2346 locis
420 2284 475 2344 his
489 2302 606 2363 parum
628 2285 756 2345 canoris
775 2284 909 2345 sarcitur
928 2283 1123 2362 particulis:
1145 2288 1205 2363 hic,
1228 2289 1299 2362 hac,
1316 2289 1381 2361 hoc,
1401 2297 1487 2362 tuuc,

313 2407 415 2466 natac,
438 2389 519 2451 adeo
544 2397 580 2450 ιιι
603 2390 677 2451 istis
700 2398 914 2451 numerorum
939 2391 1190 2469 complementis
1215 2391 1310 2470 quasi
1334 2391 1490 2477 cuneolis

316 2503 542 2571 coagmentata
551 2495 704 2557 videatur
713 2513 848 2575 operosa
857 2515 971 2558 versus
982 2514 1166 2577 compages.
1179 2498 1291 2562 Unum
1302 2506 1334 2560 et
1344 2498 1490 2560 alterum

315 2600 354 2663 de
369 2601 524 2681 plurimis
540 2602 650 2664 locum
665 2604 800 2665 afferam
819 2622 827 2664 ι

353 2743 461 2811 Noae„
479 2744 499 2802 l.
515 2744 553 2814 V,
568 2761 598 2802 v.
616 2745 673 2799 300
688 2761 732 2814 sq.
747 2763 754 2796 ε

441 2839 517 2903 Quid
533 2846 634 2913 tamen⁴
644 2840 688 2894 hic
702 2840 829 2895 faciam?
843 2840 964 2897 Frustra
979 2859 1029 2897 oro
1045 2849 1096 2897 aut
1109 2842 1228 2914 impero.
1247 2842 1354 2898 Peccet

442 2935 499 3000 Qui
513 2938 592 2994 volet
603 2939 658 3007 tic,
675 2943 777 3008 peccet
791 2937 922 3010 quisquis
937 2940 1028 2998 volet.
1044 2941 1102 2993 Hic
1116 2958 1171 3011 ego
1186 2940 1269 2996 frena

440 3035 528 3091 Nulla
543 3053 611 3106 rego
627 3040 752 3106 spretus,
769 3052 832 3091 moa
847 3037 972 3108 spernite
983 3036 1065 3108 jussa
1079 3054 1249 3109 precesque,

440 3132 478 3187 Et
491 3134 585 3188 scelus
601 3133 650 3186 laoc
664 3133 746 3188 vobis
761 3133 845 3188 dulce
861 3150 895 3188 ac
909 3133 1026 3204 impune
1041 3140 1170 3204 putetur.

354 3227 389 3283 L.
404 3228 458 3299 vl,
475 3249 504 3288 v.
522 3231 598 3284 1040
614 3249 620 3284 :
643 3273 1027 3292 ..............
1042 3233 1080 3286 Et
1092 3232 1137 3286 tto
1152 3240 1207 3302 cst,

440 3329 510 3396 Hc'c,
525 3328 577 3397 ait,
594 3333 638 3382 est
651 3328 797 3399 princeps,
812 3346 871 3382 non
887 3347 958 3384 cusa
971 3330 1034 3384 haec
1049 3329 1145 3383 dicere
1161 3335 1269 3387 noster.

338 3548 340 3552 ι
360 3461 413 3523 Cf.
437 3462 474 3522 L.
496 3461 562 3541 ΙΙΙ,
583 3459 664 3540 6803
681 3461 741 3544 VI,
765 3458 954 3562 lllc'mlll,
971 3460 1130 3547 olo-654,
1154 3465 1209 3526 ubi
1225 3468 1292 3542 hoc,
1305 3468 1393 3544 ¹huic,
1412 3469 1488 3547 huc,

315 3570 375 3629 hac
390 3569 497 3629 sexies
512 3569 545 3628 in
562 3567 675 3628 decem
689 3568 840 3630 versibus
854 3569 964 3652 legere
981 3580 1041 3632 est.

360 3675 409 3735 lta
422 3671 558 3752 illepide
576 3680 607 3734 et
621 3692 729 3734 crasse
744 3676 882 3754 scriptos
898 3676 1057 3755 quosdam
1074 3696 1188 3740 versus
1205 3677 1351 3757 reperias
1366 3687 1403 3740 ut
1414 3680 1492 3760 jam
1535 3687 1538 3691 ’

313 3780 492 3841 nostriuon
506 3778 604 3840 modo
612 3779 774 3856 pedestris
785 3780 842 3842 secl
853 3782 954 3843 etiam
966 3782 1104 3843 claudus
1117 3800 1224 3845 sermo
1235 3784 1346 3845 vocari
1356 3788 1464 3865 possit
1478 3808 1486 3848 z

355 3911 403 3968 cf.
418 3911 444 3980 Ι,
461 3929 490 3968 v.
508 3912 565 3966 260
580 3930 586 3964 :
601 3912 639 3965 Et
654 3910 722 3982 quia
737 3912 846 3967 Parisio
861 3922 931 3992 tunc
946 3913 1147 3984 acceptissima
1162 3915 1225 3986 regi

609 4009 679 4080 Spes
694 4015 757 4064 erat
769 4009 831 4064 haec
836 4054 924 4069 .....

319 4184 320 4188 ¹
413 4107 467 4176 IV,
483 4124 513 4162 v,
529 4107 587 4161 23:
610 4148 1111 4168 ..................
1135 4109 1175 4165 Ac
1188 4109 1291 4166 harum

606 4204 774 4276 Exemplum
788 4204 842 4259 hic·
851 4205 925 4259 infra
939 4214 983 4262 est
997 4224 1092 4262 rerum
1107 4225 1179 4278 quas
1194 4208 1318 4264 nuncius
1332 4206 1429 4265 affert.

409 4301 446 4369 V,
464 4321 492 4360 v.
509 4303 586 4357 556:
603 4301 745 4356 Parisium
760 4301 871 4370 obsedi,
889 4320 954 4372 qnae
969 4309 1048 4357 trans
1062 4303 1138 4359 hanc
1153 4305 1271 4376 gloria?
1286 4323 1410 4364 murum.

605 4396 705 4454 Gloria
719 4416 784 4469 quae
798 4405 878 4457 trans
892 4399 989 4455 hanc?
1006 4400 1076 4464 Quae
1093 4408 1173 4457 trans
1187 4403 1265 4459 hanc
1279 4402 1393 4475 gloria?

358 4521 476 4585 Nonne
491 4523 562 4586 haec
577 4544 652 4586 vere
667 4524 766 4586 ferrei
783 4533 887 4605 poetae
903 4525 969 4588 dici
987 4524 1153 4606 possunt?
