3306 5468
727 1017 875 1079 CAPUT
900 1017 946 1078 Vl

166 1281 168 1284 ·
252 1256 472 1309 CONCLUSlO.
505 1258 656 1317 QUALEM
681 1260 810 1310 LOCUM
837 1262 1026 1313 OBTINEAT
1052 1263 1198 1313 PETRUS
1223 1264 1271 1312 DE
1295 1264 1417 1316 BLARO

312 1391 400 1442 RIVO
439 1389 555 1440 INTER
592 1391 773 1451 AEQUALES
812 1394 955 1446 POETAS
995 1395 1059 1455 QUI
1096 1396 1231 1446 GAROLl
1269 1397 1418 1447 CLADEM

312 1523 561 1578 CECINERUNT.

294 2226 329 2289 Si
346 2243 418 2304 quae
433 2225 544 2286 omnia
560 2243 657 2304 snpra
668 2225 832 2305 disputata
848 2231 924 2285 sunt
939 2225 1084 2285 breviter
1098 2226 1288 2288 contrahere
1298 2228 1412 2311 velim,

247 2331 333 2392 mihi
354 2332 492 2393 forsitan
516 2333 739 2392 consentiatur
761 2331 883 2392 dicenti
909 2331 1108 2408 Nucceiclem,
1125 2334 1275 2410 quamvis
1297 2333 1413 2395 multis

246 2437 387 2498 maculis
411 2453 620 2514 conspersam
642 2443 673 2496 et
696 2436 934 2516 pravo'judicio
955 2436 1075 2514 saepius
1095 2446 1291 2518 corruptam,
1309 2438 1413 2499 ambi·

248 2543 340 2604 tiosis
356 2543 556 2604 ornamentis
572 2560 660 2603 nunc
672 2543 824 2622 locatam,
838 2559 925 2602 nunc
940 2543 1040 2602 nimis
1052 2543 1092 2602 ad
1108 2544 1278 2605 annalium
1289 2545 1411 2606 nudam

248 2648 456 2725 diligentiam
474 2665 507 2708 se
529 2648 846 2728 accommodantem,
864 2664 931 2707 non
950 2655 1061 2708 tamen
1086 2666 1218 2727 prorsus
1240 2651 1411 2726 indignam

246 2774 318 2818 esse
334 2772 407 2834 quae
424 2773 461 2816 ex
480 2753 646 2815 oblivione
659 2763 749 2815 eruta
765 2753 995 2837 sitCumrem
1012 2755 1165 2816 immensi
1183 2757 1290 2834 operis
1301 2774 1410 2818 snsce-

245 2863 348 2942 pisset
363 2860 480 2921 Petrus
497 2860 537 2920 de
551 2859 652 2920 Blaro
674 2860 772 2940 Rivo,
789 2860 959 2922 latendum
975 2867 1024 2921 est
1040 2861 1157 2922 saltem
1176 2880 1252 2924 eum
1270 2863 1407 2945 incepti,

245 2967 333 3044 quod
353 2983 527 3043 aggressus
548 2965 654 3025 nimia
677 2965 876 3026 confidentia
897 2974 982 3045 erat,
1006 2974 1113 3044 partes
1134 2966 1325 3045 perfecisse,
1349 2985 1409 3029 nec

244 3071 379 3133 omnino
409 3070 495 3130 infra
517 3070 689 3131 materiam
706 3069 863 3148 jacuisse.
881 3069 1129 3148 Qualecumque
1149 3078 1259 3131 antem
1281 3073 1320 3132 de
1336 3071 1408 3148 ejus

244 3178 370 3256 poetica
384 3172 538 3238 facultate
555 3176 720 3254 judicium
738 3175 861 3236 feretur
883 3175 944 3237 hoc
965 3176 997 3236 ei
1015 3177 1180 3238 tribuatur
1202 3195 1336 3239 necesse
1360 3187 1409 3239 est

243 3283 330 3360 quod
345 3301 402 3361 pro
420 3301 478 3342 sua
494 3283 587 3360 copia
604 3281 804 3342 destinatum
819 3289 1050 3358 argumentum
1066 3283 1179 3344 enisus
1194 3291 1243 3344 est
1256 3291 1404 3365 tractare,

244 3388 346 3449 Marte
363 3406 436 3468 suo,
452 3395 489 3448 ut
504 3387 637 3469 dicitur,
652 3394 683 3448 et
695 3386 799 3447 nullis
815 3387 918 3448 fretus
930 3387 1144 3449 adminiculis
1155 3389 1220 3449 nisi
1231 3388 1407 3451 annalibus

243 3492 438 3571 quibusdam
460 3500 491 3553 et
507 3491 684 3571 aequalium
705 3493 916 3554 testimoniis.
940 3491 1081 3553 Nullum
1102 3494 1192 3554 enim
1215 3494 1406 3572 scriptorem

244 3597 432 3658 invenimus
443 3597 483 3657 ad
495 3597 546 3676 cuj
553 3616 590 3658 ns
598 3597 818 3659 imitationem
830 3616 864 3658 se
875 3599 1087 3676 peculiariter
1097 3599 1276 3660 contulisse
1288 3597 1405 3659 Petrus

242 3702 404 3781 videatur,
424 3703 557 3764 nullum
578 3711 719 3780 poetam,
741 3699 834 3785 cujus
853 3711 1018 3765 contracta
1041 3705 1180 3780 vestigia
1200 3712 1331 3764 secutus
1347 3705 1402 3764 sit.

242 3808 348 3881 Quam
362 3826 436 3870 raro
451 3807 590 3885 Virgilii
605 3808 658 3869 vel
675 3823 820 3868 veterum
835 3815 1005 3886 poetarum
1025 3790 1214 3870 meminerit
1226 3809 1295 3887 jam
1310 3819 1405 3870 antea

240 3915 507 3975 animadversum
523 3921 584 3988 est,
597 3923 693 3992 atque
704 3914 830 3975 utinam
839 3913 935 3991 plura
949 3914 988 3973 ab
1000 3914 1041 3973 iis
1058 3910 1289 3992 excerpsisset!
1310 3914 1405 3987 Quod

240 4021 280 4081 ad
302 4008 501 4081 recentiores
523 4029 634 4098 poetas
655 4020 785 4100 attinet,
807 4035 873 4078 non
892 4018 997 4095 magis
1021 4018 1129 4079 ullum
1151 4019 1191 4079 ab
1216 4036 1253 4079 eo
1278 4019 1341 4079 sibi
1363 4019 1404 4080 ad

241 4125 406 4205 exemplar
420 4127 635 4187 constitutum
650 4143 721 4186 esse
738 4124 881 4184 credam.

285 4230 359 4291 Non
380 4231 469 4291 enim
488 4231 573 4291 mihi
593 4247 653 4291 nec
672 4231 715 4290 iis
735 4229 792 4308 qni
813 4230 959 4290 Nortcet'di
978 4245 1109 4305 operam
1128 4228 1298 4308 dederunt,
1317 4228 1403 4286 inter

240 4353 322 4414 quos
342 4338 378 4397 in
397 4336 515 4414 primis
535 4337 623 4397 viros
644 4337 768 4415 doctoS,
786 4337 817 4397 C.
839 4337 973 4395 Schmidt
994 4336 1072 4394 etl.
1094 4335 1212 4409 llouper
1230 4333 1401 4394 nominare

241 4461 298 4522 par
314 4450 372 4525 est,
393 4451 594 4521 compertum
610 4441 705 4503 inita
723 4440 872 4520 quolibet
886 4439 988 4500 aredii
1008 4441 1072 4501 aevi
1086 4447 1143 4500 aut
1157 4438 1266 4517 quinti
1281 4438 1401 4499 decimi

1275 4592 1294 4628 il
