<?xml version="1.0" encoding="UTF-8"?>
<!DOCTYPE html PUBLIC "-//W3C//DTD XHTML 1.0 Transitional//EN"
    "http://www.w3.org/TR/xhtml1/DTD/xhtml1-transitional.dtd">
<html xmlns="http://www.w3.org/1999/xhtml" xml:lang="en" lang="en">
 <head>
  <title>
</title>
<meta http-equiv="Content-Type" content="text/html;charset=utf-8" />
  <meta name='ocr-system' content='tesseract 3.04.00' />
  <meta name='ocr-capabilities' content='ocr_page ocr_carea ocr_par ocr_line ocrx_word'/>
</head>
<body>
  <div class='ocr_page' id='page_1' title='image "./denanceidepetri00collgoog_0036.png"; bbox 0 0 3306 5468; ppageno 0'>
   <div class='ocr_carea' id='block_1_1' title="bbox 750 553 905 620">
    <p class='ocr_par' dir='ltr' id='par_1_1' title="bbox 750 553 905 620">
     <span class='ocr_line' id='line_1_1' title="bbox 750 553 905 620; baseline 0.006 -17"><span class='ocrx_word' id='word_1_1' title='bbox 750 553 905 620; x_wconf 14' lang='grc'>..49-</span> 
     </span>
    </p>
   </div>
   <div class='ocr_carea' id='block_1_2' title="bbox 238 698 1407 1204">
    <p class='ocr_par' dir='ltr' id='par_1_2' title="bbox 238 698 1406 1097">
     <span class='ocr_line' id='line_1_2' title="bbox 238 698 1404 783; baseline 0.004 -23"><span class='ocrx_word' id='word_1_2' title='bbox 238 699 348 779; x_wconf 88' lang='lat' dir='ltr'>Hujus</span> <span class='ocrx_word' id='word_1_3' title='bbox 383 698 556 761; x_wconf 89' lang='lat' dir='ltr'>morientis</span> <span class='ocrx_word' id='word_1_4' title='bbox 587 716 740 778; x_wconf 88' lang='lat' dir='ltr'>suprema</span> <span class='ocrx_word' id='word_1_5' title='bbox 768 699 920 759; x_wconf 87' lang='lat' dir='ltr'>mandata</span> <span class='ocrx_word' id='word_1_6' title='bbox 950 698 1041 760; x_wconf 90' lang='lat' dir='ltr'>idem</span> <span class='ocrx_word' id='word_1_7' title='bbox 1073 700 1219 762; x_wconf 85' lang='lat' dir='ltr'>Joannes</span> <span class='ocrx_word' id='word_1_8' title='bbox 1248 701 1404 783; x_wconf 89' lang='lat' dir='ltr'>Basinus,</span> 
     </span>
     <span class='ocr_line' id='line_1_3' title="bbox 238 807 1406 886; baseline 0.005 -21"><span class='ocrx_word' id='word_1_9' title='bbox 238 823 356 882; x_wconf 88' lang='lat' dir='ltr'>magna</span> <span class='ocrx_word' id='word_1_10' title='bbox 371 823 446 867; x_wconf 90' lang='lat' dir='ltr'>oum</span> <span class='ocrx_word' id='word_1_11' title='bbox 461 824 500 868; x_wconf 90' lang='lat' dir='ltr'>eo</span> <span class='ocrx_word' id='word_1_12' title='bbox 515 807 709 867; x_wconf 74' lang='lat' dir='ltr'>necessitate</span> <span class='ocrx_word' id='word_1_13' title='bbox 724 807 940 886; x_wconf 87' lang='lat' dir='ltr'>conjunctus,</span> <span class='ocrx_word' id='word_1_14' title='bbox 957 814 1128 885; x_wconf 79' lang='lat' dir='ltr'>exceperat</span> <span class='ocrx_word' id='word_1_15' title='bbox 1138 807 1159 867; x_wconf 84' lang='lat'>¹.</span> <span class='ocrx_word' id='word_1_16' title='bbox 1181 808 1255 869; x_wconf 91' lang='lat' dir='ltr'>Duo</span> <span class='ocrx_word' id='word_1_17' title='bbox 1269 808 1335 871; x_wconf 90' lang='lat' dir='ltr'>alia</span> <span class='ocrx_word' id='word_1_18' title='bbox 1350 809 1406 871; x_wconf 88' lang='lat' dir='ltr'>ha-</span> 
     </span>
     <span class='ocr_line' id='line_1_4' title="bbox 238 911 1406 990; baseline 0.003 -18"><span class='ocrx_word' id='word_1_19' title='bbox 238 911 353 973; x_wconf 89' lang='lat' dir='ltr'>bemns</span> <span class='ocrx_word' id='word_1_20' title='bbox 363 911 455 972; x_wconf 91' lang='lat' dir='ltr'>Petri</span> <span class='ocrx_word' id='word_1_21' title='bbox 472 911 640 990; x_wconf 89' lang='lat' dir='ltr'>epitaphia</span> <span class='ocrx_word' id='word_1_22' title='bbox 653 912 802 973; x_wconf 89' lang='lat' dir='ltr'>versibus</span> <span class='ocrx_word' id='word_1_23' title='bbox 815 911 934 990; x_wconf 90' lang='lat' dir='ltr'>scripta</span> <span class='ocrx_word' id='word_1_24' title='bbox 950 930 969 972; x_wconf 90' lang='lat' dir='ltr'>a</span> <span class='ocrx_word' id='word_1_25' title='bbox 983 911 1136 973; x_wconf 89' lang='lat' dir='ltr'>Philesio</span> <span class='ocrx_word' id='word_1_26' title='bbox 1148 920 1180 974; x_wconf 89' lang='lat' dir='ltr'>et</span> <span class='ocrx_word' id='word_1_27' title='bbox 1194 912 1406 976; x_wconf 88' lang='lat' dir='ltr'>aLaurentio</span> 
     </span>
     <span class='ocr_line' id='line_1_5' title="bbox 239 1014 894 1097; baseline 0 -21"><span class='ocrx_word' id='word_1_28' title='bbox 239 1014 416 1097; x_wconf 80' lang='lat' dir='ltr'>Pilladio²,</span> <span class='ocrx_word' id='word_1_29' title='bbox 434 1016 697 1077; x_wconf 86' lang='lat' dir='ltr'>Deodatensibus</span> <span class='ocrx_word' id='word_1_30' title='bbox 713 1017 894 1078; x_wconf 89' lang='lat' dir='ltr'>canonicis.</span> 
     </span>
    </p>

    <p class='ocr_par' dir='ltr' id='par_1_3' title="bbox 284 1120 1407 1204">
     <span class='ocr_line' id='line_1_6' title="bbox 284 1120 1407 1204; baseline 0.002 -20"><span class='ocrx_word' id='word_1_31' title='bbox 284 1121 458 1200; x_wconf 84' lang='lat' dir='ltr'>Conjicere</span> <span class='ocrx_word' id='word_1_32' title='bbox 473 1120 551 1183; x_wconf 91' lang='lat' dir='ltr'>licet</span> <span class='ocrx_word' id='word_1_33' title='bbox 565 1122 634 1201; x_wconf 89' lang='lat' dir='ltr'>jam</span> <span class='ocrx_word' id='word_1_34' title='bbox 648 1121 789 1183; x_wconf 89' lang='lat' dir='ltr'>Nanceii</span> <span class='ocrx_word' id='word_1_35' title='bbox 803 1130 954 1183; x_wconf 91' lang='lat' dir='ltr'>nostrum</span> <span class='ocrx_word' id='word_1_36' title='bbox 968 1122 1177 1186; x_wconf 85' lang='lat' dir='ltr'>inchoavisse</span> <span class='ocrx_word' id='word_1_37' title='bbox 1193 1124 1278 1186; x_wconf 90' lang='lat' dir='ltr'>illud</span> <span class='ocrx_word' id='word_1_38' title='bbox 1289 1143 1407 1204; x_wconf 90' lang='lat' dir='ltr'>poema</span> 
     </span>
    </p>
   </div>
   <div class='ocr_carea' id='block_1_3' title="bbox 239 1225 1506 1316">
    <p class='ocr_par' dir='ltr' id='par_1_4' title="bbox 239 1225 1506 1316">
     <span class='ocr_line' id='line_1_7' title="bbox 239 1225 1506 1316; baseline 0.004 -28"><span class='ocrx_word' id='word_1_39' title='bbox 239 1245 303 1306; x_wconf 85' lang='lat' dir='ltr'>quo</span> <span class='ocrx_word' id='word_1_40' title='bbox 326 1243 448 1288; x_wconf 89' lang='lat' dir='ltr'>nomen</span> <span class='ocrx_word' id='word_1_41' title='bbox 473 1244 570 1288; x_wconf 92' lang='lat' dir='ltr'>suum</span> <span class='ocrx_word' id='word_1_42' title='bbox 594 1225 804 1316; x_wconf 84' lang='lat' dir='ltr'>nobilitatum</span> <span class='ocrx_word' id='word_1_43' title='bbox 825 1228 868 1288; x_wconf 92' lang='lat' dir='ltr'>iri</span> <span class='ocrx_word' id='word_1_44' title='bbox 892 1228 1053 1308; x_wconf 81' lang='lat' dir='ltr'>sperabat,</span> <span class='ocrx_word' id='word_1_45' title='bbox 1085 1229 1238 1291; x_wconf 91' lang='lat' dir='ltr'>stimulos</span> <span class='ocrx_word' id='word_1_46' title='bbox 1266 1231 1407 1292; x_wconf 85' lang='lat' dir='ltr'>addente</span> <span class='ocrx_word' id='word_1_47' title='bbox 1504 1240 1506 1245; x_wconf 57' lang='lat'><strong>⁴</strong></span> 
     </span>
    </p>
   </div>
   <div class='ocr_carea' id='block_1_4' title="bbox 240 1331 1416 3847">
    <p class='ocr_par' dir='ltr' id='par_1_5' title="bbox 240 1331 1411 2580">
     <span class='ocr_line' id='line_1_8' title="bbox 240 1331 1410 1415; baseline 0.003 -20"><span class='ocrx_word' id='word_1_48' title='bbox 240 1334 420 1396; x_wconf 86' lang='lat' dir='ltr'>amicornm</span> <span class='ocrx_word' id='word_1_49' title='bbox 444 1332 574 1412; x_wconf 87' lang='lat' dir='ltr'>plausu.</span> <span class='ocrx_word' id='word_1_50' title='bbox 603 1331 687 1394; x_wconf 88' lang='lat' dir='ltr'>Cum</span> <span class='ocrx_word' id='word_1_51' title='bbox 716 1341 826 1395; x_wconf 90' lang='lat' dir='ltr'>autem</span> <span class='ocrx_word' id='word_1_52' title='bbox 857 1333 1131 1396; x_wconf 88' lang='lat' dir='ltr'>SanctiDeodati</span> <span class='ocrx_word' id='word_1_53' title='bbox 1159 1337 1410 1415; x_wconf 86' lang='lat' dir='ltr'>quatuordecim</span> 
     </span>
     <span class='ocr_line' id='line_1_9' title="bbox 240 1431 1408 1519; baseline 0.006 -20"><span class='ocrx_word' id='word_1_54' title='bbox 240 1456 343 1500; x_wconf 91' lang='lat' dir='ltr'>annos</span> <span class='ocrx_word' id='word_1_55' title='bbox 373 1438 513 1518; x_wconf 87' lang='lat' dir='ltr'>degerit,</span> <span class='ocrx_word' id='word_1_56' title='bbox 546 1438 594 1499; x_wconf 91' lang='lat' dir='ltr'>ibi</span> <span class='ocrx_word' id='word_1_57' title='bbox 618 1457 686 1500; x_wconf 90' lang='lat' dir='ltr'>non</span> <span class='ocrx_word' id='word_1_58' title='bbox 709 1439 849 1500; x_wconf 91' lang='lat' dir='ltr'>dubium</span> <span class='ocrx_word' id='word_1_59' title='bbox 871 1448 920 1500; x_wconf 91' lang='lat' dir='ltr'>est</span> <span class='ocrx_word' id='word_1_60' title='bbox 943 1431 1125 1501; x_wconf 86' lang='lat' dir='ltr'>extremum</span> <span class='ocrx_word' id='word_1_61' title='bbox 1147 1442 1354 1519; x_wconf 83' lang='lat' dir='ltr'>perficiendae</span> <span class='ocrx_word' id='word_1_62' title='bbox 1375 1451 1408 1506; x_wconf 87' lang='lat' dir='ltr'>et</span> 
     </span>
     <span class='ocr_line' id='line_1_10' title="bbox 240 1543 1409 1626; baseline 0.005 -24"><span class='ocrx_word' id='word_1_63' title='bbox 240 1543 394 1604; x_wconf 89' lang='lat' dir='ltr'>limandae</span> <span class='ocrx_word' id='word_1_64' title='bbox 414 1544 581 1605; x_wconf 82' lang='lat' dir='ltr'>Ncncet&#39;dos</span> <span class='ocrx_word' id='word_1_65' title='bbox 602 1544 748 1606; x_wconf 90' lang='lat' dir='ltr'>laborem</span> <span class='ocrx_word' id='word_1_66' title='bbox 765 1543 951 1605; x_wconf 89' lang='lat' dir='ltr'>adhibitum</span> <span class='ocrx_word' id='word_1_67' title='bbox 972 1561 1056 1605; x_wconf 89' lang='lat' dir='ltr'>esse.</span> <span class='ocrx_word' id='word_1_68' title='bbox 1080 1545 1130 1606; x_wconf 89' lang='lat' dir='ltr'>De</span> <span class='ocrx_word' id='word_1_69' title='bbox 1151 1562 1214 1624; x_wconf 87' lang='lat' dir='ltr'>qua</span> <span class='ocrx_word' id='word_1_70' title='bbox 1233 1554 1409 1626; x_wconf 82' lang='lat' dir='ltr'>antequam</span> 
     </span>
     <span class='ocr_line' id='line_1_11' title="bbox 242 1648 1407 1731; baseline 0.005 -23"><span class='ocrx_word' id='word_1_71' title='bbox 242 1649 351 1710; x_wconf 88' lang='lat' dir='ltr'>dicere</span> <span class='ocrx_word' id='word_1_72' title='bbox 372 1649 557 1731; x_wconf 85' lang='lat' dir='ltr'>instituam,</span> <span class='ocrx_word' id='word_1_73' title='bbox 579 1667 646 1710; x_wconf 91' lang='lat' dir='ltr'>non</span> <span class='ocrx_word' id='word_1_74' title='bbox 666 1648 759 1710; x_wconf 91' lang='lat' dir='ltr'>abre</span> <span class='ocrx_word' id='word_1_75' title='bbox 780 1648 929 1710; x_wconf 89' lang='lat' dir='ltr'>alienum</span> <span class='ocrx_word' id='word_1_76' title='bbox 948 1650 1077 1711; x_wconf 89' lang='lat' dir='ltr'>videtur</span> <span class='ocrx_word' id='word_1_77' title='bbox 1097 1653 1288 1712; x_wconf 83' lang='lat' dir='ltr'>summatim</span> <span class='ocrx_word' id='word_1_78' title='bbox 1312 1667 1407 1730; x_wconf 88' lang='lat' dir='ltr'>expo-</span> 
     </span>
     <span class='ocr_line' id='line_1_12' title="bbox 241 1754 1411 1835; baseline 0.003 -19"><span class='ocrx_word' id='word_1_79' title='bbox 241 1773 319 1817; x_wconf 90' lang='lat' dir='ltr'>nere</span> <span class='ocrx_word' id='word_1_80' title='bbox 340 1754 461 1833; x_wconf 88' lang='lat' dir='ltr'>qualis,</span> <span class='ocrx_word' id='word_1_81' title='bbox 480 1755 606 1817; x_wconf 87' lang='lat' dir='ltr'>Renato</span> <span class='ocrx_word' id='word_1_82' title='bbox 629 1754 663 1814; x_wconf 90' lang='grc'>11</span> <span class='ocrx_word' id='word_1_83' title='bbox 678 1756 900 1834; x_wconf 82' lang='lat' dir='ltr'>principatum</span> <span class='ocrx_word' id='word_1_84' title='bbox 919 1767 1103 1835; x_wconf 83' lang='lat' dir='ltr'>exercente,</span> <span class='ocrx_word' id='word_1_85' title='bbox 1119 1757 1220 1818; x_wconf 85' lang='lat' dir='ltr'>fuerit</span> <span class='ocrx_word' id='word_1_86' title='bbox 1239 1757 1275 1818; x_wconf 94' lang='lat' dir='ltr'>in</span> <span class='ocrx_word' id='word_1_87' title='bbox 1289 1758 1411 1820; x_wconf 88' lang='lat' dir='ltr'>Letha-</span> 
     </span>
     <span class='ocr_line' id='line_1_13' title="bbox 241 1860 1411 1943; baseline 0.002 -21"><span class='ocrx_word' id='word_1_88' title='bbox 241 1861 351 1938; x_wconf 91' lang='lat' dir='ltr'>ringia</span> <span class='ocrx_word' id='word_1_89' title='bbox 365 1861 552 1923; x_wconf 88' lang='lat' dir='ltr'>litterarum</span> <span class='ocrx_word' id='word_1_90' title='bbox 567 1862 730 1943; x_wconf 89' lang='lat' dir='ltr'>condioi0,</span> <span class='ocrx_word' id='word_1_91' title='bbox 748 1880 820 1942; x_wconf 84' lang='lat' dir='ltr'>quae</span> <span class='ocrx_word' id='word_1_92' title='bbox 841 1861 947 1924; x_wconf 90' lang='lat' dir='ltr'>studia</span> <span class='ocrx_word' id='word_1_93' title='bbox 964 1860 1076 1923; x_wconf 87' lang='lat' dir='ltr'>Sancti</span> <span class='ocrx_word' id='word_1_94' title='bbox 1090 1862 1232 1925; x_wconf 90' lang='lat' dir='ltr'>Deodati</span> <span class='ocrx_word' id='word_1_95' title='bbox 1245 1863 1411 1942; x_wconf 91' lang='lat' dir='ltr'>praecipue</span> 
     </span>
     <span class='ocr_line' id='line_1_14' title="bbox 241 1966 1408 2047; baseline 0.002 -19"><span class='ocrx_word' id='word_1_96' title='bbox 241 1967 420 2046; x_wconf 84' lang='lat' dir='ltr'>viguerint,</span> <span class='ocrx_word' id='word_1_97' title='bbox 436 1967 557 2047; x_wconf 87' lang='lat' dir='ltr'>quihus</span> <span class='ocrx_word' id='word_1_98' title='bbox 573 1974 604 2029; x_wconf 88' lang='lat' dir='ltr'>et</span> <span class='ocrx_word' id='word_1_99' title='bbox 619 1985 718 2047; x_wconf 86' lang='lat' dir='ltr'>qnam</span> <span class='ocrx_word' id='word_1_100' title='bbox 734 1968 839 2029; x_wconf 89' lang='lat' dir='ltr'>doctis</span> <span class='ocrx_word' id='word_1_101' title='bbox 857 1966 1025 2029; x_wconf 84' lang='lat' dir='ltr'>sodalibus</span> <span class='ocrx_word' id='word_1_102' title='bbox 1039 1968 1090 2029; x_wconf 91' lang='lat' dir='ltr'>uti</span> <span class='ocrx_word' id='word_1_103' title='bbox 1108 1968 1204 2039; x_wconf 76' lang='lat' dir='ltr'>Petro</span> <span class='ocrx_word' id='word_1_104' title='bbox 1220 1969 1408 2046; x_wconf 88' lang='lat' dir='ltr'>contigerit.</span> 
     </span>
     <span class='ocr_line' id='line_1_15' title="bbox 241 2072 1410 2154; baseline 0.002 -20"><span class='ocrx_word' id='word_1_105' title='bbox 241 2073 294 2134; x_wconf 91' lang='lat' dir='ltr'>Ita</span> <span class='ocrx_word' id='word_1_106' title='bbox 316 2072 437 2133; x_wconf 90' lang='lat' dir='ltr'>melius</span> <span class='ocrx_word' id='word_1_107' title='bbox 457 2072 670 2150; x_wconf 85' lang='lat' dir='ltr'>intellegetur</span> <span class='ocrx_word' id='word_1_108' title='bbox 687 2074 851 2152; x_wconf 87' lang='lat' dir='ltr'>quomodo</span> <span class='ocrx_word' id='word_1_109' title='bbox 872 2080 904 2135; x_wconf 90' lang='lat' dir='ltr'>et</span> <span class='ocrx_word' id='word_1_110' title='bbox 923 2074 1029 2154; x_wconf 91' lang='lat' dir='ltr'>nasci,</span> <span class='ocrx_word' id='word_1_111' title='bbox 1056 2080 1088 2134; x_wconf 89' lang='lat' dir='ltr'>et</span> <span class='ocrx_word' id='word_1_112' title='bbox 1107 2091 1174 2134; x_wconf 91' lang='lat' dir='ltr'>non</span> <span class='ocrx_word' id='word_1_113' title='bbox 1195 2074 1331 2148; x_wconf 84' lang='lat' dir='ltr'>indigne</span> <span class='ocrx_word' id='word_1_114' title='bbox 1352 2091 1410 2151; x_wconf 91' lang='lat' dir='ltr'>pro</span> 
     </span>
     <span class='ocr_line' id='line_1_16' title="bbox 242 2179 1410 2261; baseline 0.002 -22"><span class='ocrx_word' id='word_1_115' title='bbox 242 2187 387 2256; x_wconf 91' lang='lat' dir='ltr'>tempore</span> <span class='ocrx_word' id='word_1_116' title='bbox 413 2179 558 2261; x_wconf 89' lang='lat' dir='ltr'>absolvi,</span> <span class='ocrx_word' id='word_1_117' title='bbox 587 2181 729 2258; x_wconf 90' lang='lat' dir='ltr'>denique</span> <span class='ocrx_word' id='word_1_118' title='bbox 755 2189 828 2258; x_wconf 90' lang='lat' dir='ltr'>post</span> <span class='ocrx_word' id='word_1_119' title='bbox 850 2180 956 2241; x_wconf 90' lang='lat' dir='ltr'>nostri</span> <span class='ocrx_word' id='word_1_120' title='bbox 980 2180 1410 2260; x_wconf 71' lang='lat' dir='ltr'>mortem,‚accuratissime</span> 
     </span>
     <span class='ocr_line' id='line_1_17' title="bbox 243 2284 1410 2366; baseline -0.003 -18"><span class='ocrx_word' id='word_1_121' title='bbox 243 2286 407 2365; x_wconf 89' lang='lat' dir='ltr'>publicari</span> <span class='ocrx_word' id='word_1_122' title='bbox 421 2288 551 2350; x_wconf 81' lang='lat' dir='ltr'>Nancets</span> <span class='ocrx_word' id='word_1_123' title='bbox 571 2287 726 2366; x_wconf 89' lang='lat' dir='ltr'>potuerit.</span> <span class='ocrx_word' id='word_1_124' title='bbox 749 2284 825 2347; x_wconf 95' lang='lat' dir='ltr'>Non</span> <span class='ocrx_word' id='word_1_125' title='bbox 847 2287 938 2347; x_wconf 90' lang='lat' dir='ltr'>enim</span> <span class='ocrx_word' id='word_1_126' title='bbox 957 2305 975 2348; x_wconf 91' lang='lat' dir='ltr'>e</span> <span class='ocrx_word' id='word_1_127' title='bbox 1000 2285 1150 2365; x_wconf 86' lang='lat' dir='ltr'>squalido</span> <span class='ocrx_word' id='word_1_128' title='bbox 1168 2295 1200 2348; x_wconf 89' lang='lat' dir='ltr'>et</span> <span class='ocrx_word' id='word_1_129' title='bbox 1218 2285 1323 2347; x_wconf 88' lang='lat' dir='ltr'>sterili</span> <span class='ocrx_word' id='word_1_130' title='bbox 1340 2285 1410 2347; x_wconf 90' lang='lat' dir='ltr'>solo</span> 
     </span>
     <span class='ocr_line' id='line_1_18' title="bbox 244 2391 1411 2472; baseline 0 -21"><span class='ocrx_word' id='word_1_131' title='bbox 244 2392 351 2454; x_wconf 89' lang='lat' dir='ltr'>editus</span> <span class='ocrx_word' id='word_1_132' title='bbox 367 2401 417 2454; x_wconf 89' lang='lat' dir='ltr'>est</span> <span class='ocrx_word' id='word_1_133' title='bbox 431 2391 486 2453; x_wconf 91' lang='lat' dir='ltr'>hic</span> <span class='ocrx_word' id='word_1_134' title='bbox 502 2392 753 2472; x_wconf 87' lang='lat' dir='ltr'>qualiscumque</span> <span class='ocrx_word' id='word_1_135' title='bbox 765 2391 821 2452; x_wconf 90' lang='lat' dir='ltr'>sed</span> <span class='ocrx_word' id='word_1_136' title='bbox 833 2409 897 2454; x_wconf 90' lang='lat' dir='ltr'>non</span> <span class='ocrx_word' id='word_1_137' title='bbox 912 2392 993 2453; x_wconf 89' lang='lat' dir='ltr'>adeo</span> <span class='ocrx_word' id='word_1_138' title='bbox 1008 2392 1270 2454; x_wconf 90' lang='lat' dir='ltr'>contemnendus</span> <span class='ocrx_word' id='word_1_139' title='bbox 1285 2392 1411 2453; x_wconf 89' lang='lat' dir='ltr'>heroici</span> 
     </span>
     <span class='ocr_line' id='line_1_19' title="bbox 244 2491 1163 2580; baseline 0.002 -23"><span class='ocrx_word' id='word_1_140' title='bbox 244 2499 400 2560; x_wconf 86' lang='lat' dir='ltr'>carminis</span> <span class='ocrx_word' id='word_1_141' title='bbox 415 2499 515 2580; x_wconf 86' lang='lat' dir='ltr'>letus,</span> <span class='ocrx_word' id='word_1_142' title='bbox 533 2516 597 2578; x_wconf 85' lang='lat' dir='ltr'>quo</span> <span class='ocrx_word' id='word_1_143' title='bbox 613 2499 772 2560; x_wconf 89' lang='lat' dir='ltr'>delectata</span> <span class='ocrx_word' id='word_1_144' title='bbox 790 2506 857 2560; x_wconf 90' lang='lat' dir='ltr'>tota</span> <span class='ocrx_word' id='word_1_145' title='bbox 870 2491 1086 2575; x_wconf 67' lang='lat' dir='ltr'>Lo&#39;tharingia</span> <span class='ocrx_word' id='word_1_146' title='bbox 1103 2506 1163 2560; x_wconf 88' lang='lat' dir='ltr'>est.</span> 
     </span>
    </p>

    <p class='ocr_par' dir='ltr' id='par_1_6' title="bbox 244 2601 1416 3847">
     <span class='ocr_line' id='line_1_20' title="bbox 290 2601 1408 2683; baseline -0.001 -19"><span class='ocrx_word' id='word_1_147' title='bbox 290 2601 375 2665; x_wconf 88' lang='lat' dir='ltr'>Satis</span> <span class='ocrx_word' id='word_1_148' title='bbox 391 2603 506 2665; x_wconf 88' lang='lat' dir='ltr'>multis</span> <span class='ocrx_word' id='word_1_149' title='bbox 524 2605 727 2682; x_wconf 82' lang='lat' dir='ltr'>argumentis</span> <span class='ocrx_word' id='word_1_150' title='bbox 742 2604 949 2683; x_wconf 88' lang='lat' dir='ltr'>comprobari</span> <span class='ocrx_word' id='word_1_151' title='bbox 964 2613 1073 2682; x_wconf 89' lang='lat' dir='ltr'>posset</span> <span class='ocrx_word' id='word_1_152' title='bbox 1089 2605 1174 2666; x_wconf 92' lang='lat' dir='ltr'>hanc</span> <span class='ocrx_word' id='word_1_153' title='bbox 1191 2603 1408 2682; x_wconf 89' lang='lat' dir='ltr'>provinciam,</span> 
     </span>
     <span class='ocr_line' id='line_1_21' title="bbox 244 2709 1414 2788; baseline -0.005 -16"><span class='ocrx_word' id='word_1_154' title='bbox 244 2717 317 2786; x_wconf 86' lang='lat' dir='ltr'>post</span> <span class='ocrx_word' id='word_1_155' title='bbox 341 2717 388 2771; x_wconf 93' lang='lat' dir='ltr'>tot</span> <span class='ocrx_word' id='word_1_156' title='bbox 413 2710 448 2770; x_wconf 92' lang='lat' dir='ltr'>in</span> <span class='ocrx_word' id='word_1_157' title='bbox 471 2709 570 2771; x_wconf 89' lang='lat' dir='ltr'>bellis</span> <span class='ocrx_word' id='word_1_158' title='bbox 586 2709 742 2788; x_wconf 89' lang='lat' dir='ltr'>praeclare</span> <span class='ocrx_word' id='word_1_159' title='bbox 762 2717 853 2787; x_wconf 87' lang='lat' dir='ltr'>gesta</span> <span class='ocrx_word' id='word_1_160' title='bbox 874 2718 907 2770; x_wconf 90' lang='lat' dir='ltr'>et</span> <span class='ocrx_word' id='word_1_161' title='bbox 930 2717 1132 2788; x_wconf 90' lang='lat' dir='ltr'>prostratum</span> <span class='ocrx_word' id='word_1_162' title='bbox 1145 2709 1414 2770; x_wconf 80' lang='lat' dir='ltr'>infensissimum</span> 
     </span>
     <span class='ocr_line' id='line_1_22' title="bbox 244 2813 1415 2897; baseline -0.003 -21"><span class='ocrx_word' id='word_1_163' title='bbox 244 2816 386 2897; x_wconf 89' lang='lat' dir='ltr'>hostem,</span> <span class='ocrx_word' id='word_1_164' title='bbox 414 2815 550 2877; x_wconf 90' lang='lat' dir='ltr'>elatiore</span> <span class='ocrx_word' id='word_1_165' title='bbox 573 2817 716 2895; x_wconf 86' lang='lat' dir='ltr'>quodam</span> <span class='ocrx_word' id='word_1_166' title='bbox 735 2815 854 2893; x_wconf 87' lang='lat' dir='ltr'>spiritu</span> <span class='ocrx_word' id='word_1_167' title='bbox 869 2815 1011 2876; x_wconf 88' lang='lat' dir='ltr'>afflatam</span> <span class='ocrx_word' id='word_1_168' title='bbox 1026 2832 1098 2875; x_wconf 87' lang='lat' dir='ltr'>esse</span> <span class='ocrx_word' id='word_1_169' title='bbox 1121 2821 1152 2876; x_wconf 92' lang='lat' dir='ltr'>et</span> <span class='ocrx_word' id='word_1_170' title='bbox 1170 2813 1239 2893; x_wconf 89' lang='lat' dir='ltr'>jam</span> <span class='ocrx_word' id='word_1_171' title='bbox 1260 2832 1339 2875; x_wconf 85' lang='lat' dir='ltr'>aura</span> <span class='ocrx_word' id='word_1_172' title='bbox 1354 2813 1415 2874; x_wconf 93' lang='lat' dir='ltr'>illa</span> 
     </span>
     <span class='ocr_line' id='line_1_23' title="bbox 245 2920 1416 3001; baseline -0.002 -19"><span class='ocrx_word' id='word_1_173' title='bbox 245 2920 419 2996; x_wconf 90' lang='lat' dir='ltr'>genitabili</span> <span class='ocrx_word' id='word_1_174' title='bbox 440 2929 558 2983; x_wconf 87' lang='lat' dir='ltr'>tactam</span> <span class='ocrx_word' id='word_1_175' title='bbox 581 2938 667 3001; x_wconf 89' lang='lat' dir='ltr'>quae,</span> <span class='ocrx_word' id='word_1_176' title='bbox 693 2921 831 2981; x_wconf 89' lang='lat' dir='ltr'>ineunte</span> <span class='ocrx_word' id='word_1_177' title='bbox 854 2929 944 2982; x_wconf 90' lang='lat' dir='ltr'>sexto</span> <span class='ocrx_word' id='word_1_178' title='bbox 968 2921 1096 2981; x_wconf 90' lang='lat' dir='ltr'>decimo</span> <span class='ocrx_word' id='word_1_179' title='bbox 1117 2920 1253 3000; x_wconf 89' lang='lat' dir='ltr'>saeculo,</span> <span class='ocrx_word' id='word_1_180' title='bbox 1278 2929 1363 2980; x_wconf 92' lang='lat' dir='ltr'>artes</span> <span class='ocrx_word' id='word_1_181' title='bbox 1384 2927 1416 2982; x_wconf 90' lang='lat' dir='ltr'>et</span> 
     </span>
     <span class='ocr_line' id='line_1_24' title="bbox 245 3026 1412 3104; baseline 0 -17"><span class='ocrx_word' id='word_1_182' title='bbox 245 3026 371 3089; x_wconf 86' lang='lat' dir='ltr'>litteras</span> <span class='ocrx_word' id='word_1_183' title='bbox 385 3026 494 3089; x_wconf 87' lang='lat' dir='ltr'>lotura</span> <span class='ocrx_word' id='word_1_184' title='bbox 518 3032 550 3087; x_wconf 93' lang='lat' dir='ltr'>et</span> <span class='ocrx_word' id='word_1_185' title='bbox 569 3036 764 3087; x_wconf 89' lang='lat' dir='ltr'>renovatura</span> <span class='ocrx_word' id='word_1_186' title='bbox 788 3035 867 3087; x_wconf 86' lang='lat' dir='ltr'>erat.</span> <span class='ocrx_word' id='word_1_187' title='bbox 886 3026 961 3087; x_wconf 93' lang='lat' dir='ltr'>Mox</span> <span class='ocrx_word' id='word_1_188' title='bbox 981 3027 1157 3103; x_wconf 86' lang='lat' dir='ltr'>magnifico</span> <span class='ocrx_word' id='word_1_189' title='bbox 1180 3044 1279 3104; x_wconf 90' lang='lat' dir='ltr'>opere</span> <span class='ocrx_word' id='word_1_190' title='bbox 1296 3043 1412 3087; x_wconf 92' lang='lat' dir='ltr'>monu-</span> 
     </span>
     <span class='ocr_line' id='line_1_25' title="bbox 245 3129 1413 3210; baseline 0 -20"><span class='ocrx_word' id='word_1_191' title='bbox 245 3138 355 3192; x_wconf 87' lang='lat' dir='ltr'>menta</span> <span class='ocrx_word' id='word_1_192' title='bbox 370 3139 577 3192; x_wconf 85' lang='lat' dir='ltr'>exstruentur</span> <span class='ocrx_word' id='word_1_193' title='bbox 591 3147 663 3210; x_wconf 75' lang='lat' dir='ltr'>qnae</span> <span class='ocrx_word' id='word_1_194' title='bbox 679 3129 878 3191; x_wconf 87' lang='lat' dir='ltr'>nuncetiam</span> <span class='ocrx_word' id='word_1_195' title='bbox 892 3130 1148 3192; x_wconf 88' lang='lat' dir='ltr'>admirationem</span> <span class='ocrx_word' id='word_1_196' title='bbox 1163 3137 1307 3191; x_wconf 90' lang='lat' dir='ltr'>movent.</span> <span class='ocrx_word' id='word_1_197' title='bbox 1326 3131 1413 3192; x_wconf 91' lang='lat' dir='ltr'>Dum</span> 
     </span>
     <span class='ocr_line' id='line_1_26' title="bbox 246 3226 1413 3318; baseline -0.002 -19"><span class='ocrx_word' id='word_1_198' title='bbox 246 3236 387 3300; x_wconf 88' lang='lat' dir='ltr'>Nanceii</span> <span class='ocrx_word' id='word_1_199' title='bbox 418 3238 526 3298; x_wconf 91' lang='lat' dir='ltr'>denuo</span> <span class='ocrx_word' id='word_1_200' title='bbox 551 3226 733 3298; x_wconf 84' lang='lat' dir='ltr'>aedillcatur</span> <span class='ocrx_word' id='word_1_201' title='bbox 762 3235 886 3298; x_wconf 91' lang='lat' dir='ltr'>ducum</span> <span class='ocrx_word' id='word_1_202' title='bbox 908 3235 1085 3318; x_wconf 86' lang='lat' dir='ltr'>palatium,</span> <span class='ocrx_word' id='word_1_203' title='bbox 1114 3237 1261 3313; x_wconf 87' lang='lat' dir='ltr'>exsurgit</span> <span class='ocrx_word' id='word_1_204' title='bbox 1292 3237 1413 3313; x_wconf 90' lang='lat' dir='ltr'>ingens</span> 
     </span>
     <span class='ocr_line' id='line_1_27' title="bbox 246 3340 1411 3422; baseline -0.001 -19"><span class='ocrx_word' id='word_1_205' title='bbox 246 3341 359 3404; x_wconf 85' lang='lat' dir='ltr'>Sancti</span> <span class='ocrx_word' id='word_1_206' title='bbox 389 3341 519 3404; x_wconf 93' lang='lat' dir='ltr'>Nicolai</span> <span class='ocrx_word' id='word_1_207' title='bbox 548 3343 588 3404; x_wconf 89' lang='lat' dir='ltr'>de</span> <span class='ocrx_word' id='word_1_208' title='bbox 615 3340 720 3403; x_wconf 92' lang='lat' dir='ltr'>Portu</span> <span class='ocrx_word' id='word_1_209' title='bbox 748 3341 907 3419; x_wconf 89' lang='lat' dir='ltr'>ecclesia,</span> <span class='ocrx_word' id='word_1_210' title='bbox 939 3341 994 3402; x_wconf 87' lang='lat' dir='ltr'>vel</span> <span class='ocrx_word' id='word_1_211' title='bbox 1023 3342 1085 3403; x_wconf 93' lang='lat' dir='ltr'>hoc</span> <span class='ocrx_word' id='word_1_212' title='bbox 1115 3343 1295 3422; x_wconf 88' lang='lat' dir='ltr'>conspicua</span> <span class='ocrx_word' id='word_1_213' title='bbox 1322 3342 1411 3420; x_wconf 90' lang='lat' dir='ltr'>qnod</span> 
     </span>
     <span class='ocr_line' id='line_1_28' title="bbox 245 3446 1412 3526; baseline -0.003 -16"><span class='ocrx_word' id='word_1_214' title='bbox 245 3450 333 3511; x_wconf 90' lang='lat' dir='ltr'>inter</span> <span class='ocrx_word' id='word_1_215' title='bbox 346 3449 528 3510; x_wconf 81' lang='lat' dir='ltr'>novissima</span> <span class='ocrx_word' id='word_1_216' title='bbox 543 3447 663 3526; x_wconf 89' lang='lat' dir='ltr'>templa</span> <span class='ocrx_word' id='word_1_217' title='bbox 676 3455 866 3508; x_wconf 90' lang='lat' dir='ltr'>recensetur</span> <span class='ocrx_word' id='word_1_218' title='bbox 879 3464 952 3525; x_wconf 88' lang='lat' dir='ltr'>quae</span> <span class='ocrx_word' id='word_1_219' title='bbox 967 3446 1107 3524; x_wconf 78' lang='lat' dir='ltr'>gothicae</span> <span class='ocrx_word' id='word_1_220' title='bbox 1119 3446 1288 3508; x_wconf 84' lang='lat' dir='ltr'>adscribas</span> <span class='ocrx_word' id='word_1_221' title='bbox 1305 3447 1412 3508; x_wconf 91' lang='lat' dir='ltr'>archi-</span> 
     </span>
     <span class='ocr_line' id='line_1_29' title="bbox 245 3552 1414 3635; baseline -0.003 -19"><span class='ocrx_word' id='word_1_222' title='bbox 245 3561 390 3617; x_wconf 88' lang='lat' dir='ltr'>tecturae.</span> <span class='ocrx_word' id='word_1_223' title='bbox 417 3555 504 3635; x_wconf 90' lang='lat' dir='ltr'>Mox,</span> <span class='ocrx_word' id='word_1_224' title='bbox 521 3561 558 3615; x_wconf 89' lang='lat' dir='ltr'>ut</span> <span class='ocrx_word' id='word_1_225' title='bbox 580 3561 707 3615; x_wconf 89' lang='lat' dir='ltr'>ceteros</span> <span class='ocrx_word' id='word_1_226' title='bbox 722 3553 884 3629; x_wconf 90' lang='lat' dir='ltr'>omittam,</span> <span class='ocrx_word' id='word_1_227' title='bbox 902 3552 1124 3631; x_wconf 86' lang='lat' dir='ltr'>Lotharingns</span> <span class='ocrx_word' id='word_1_228' title='bbox 1146 3553 1291 3632; x_wconf 87' lang='lat' dir='ltr'>sculptor</span> <span class='ocrx_word' id='word_1_229' title='bbox 1317 3556 1414 3631; x_wconf 76' lang='lat' dir='ltr'>Lipter</span> 
     </span>
     <span class='ocr_line' id='line_1_30' title="bbox 246 3658 1410 3738; baseline -0.002 -17"><span class='ocrx_word' id='word_1_230' title='bbox 246 3663 365 3721; x_wconf 80' lang='lat' dir='ltr'>Richter</span> <span class='ocrx_word' id='word_1_231' title='bbox 385 3676 453 3720; x_wconf 89' lang='lat' dir='ltr'>non</span> <span class='ocrx_word' id='word_1_232' title='bbox 482 3659 715 3738; x_wconf 90' lang='lat' dir='ltr'>despiciendus</span> <span class='ocrx_word' id='word_1_233' title='bbox 740 3658 916 3720; x_wconf 91' lang='lat' dir='ltr'>Michaelis</span> <span class='ocrx_word' id='word_1_234' title='bbox 939 3658 1063 3736; x_wconf 89' lang='lat' dir='ltr'>Angeli</span> <span class='ocrx_word' id='word_1_235' title='bbox 1087 3659 1272 3737; x_wconf 89' lang='lat' dir='ltr'>discipulus</span> <span class='ocrx_word' id='word_1_236' title='bbox 1298 3660 1410 3720; x_wconf 93' lang='lat' dir='ltr'>existi-</span> 
     </span>
     <span class='ocr_line' id='line_1_31' title="bbox 246 3765 1353 3847; baseline 0.001 -23"><span class='ocrx_word' id='word_1_237' title='bbox 246 3767 401 3847; x_wconf 84' lang='lat' dir='ltr'>mabitur,</span> <span class='ocrx_word' id='word_1_238' title='bbox 419 3766 478 3844; x_wconf 89' lang='lat' dir='ltr'>qui</span> <span class='ocrx_word' id='word_1_239' title='bbox 493 3767 612 3826; x_wconf 88' lang='lat' dir='ltr'>eximia</span> <span class='ocrx_word' id='word_1_240' title='bbox 626 3772 694 3826; x_wconf 89' lang='lat' dir='ltr'>arte</span> <span class='ocrx_word' id='word_1_241' title='bbox 711 3790 726 3819; x_wconf 70' lang='grc' dir='ltr'><strong>α</strong></span> <span class='ocrx_word' id='word_1_242' title='bbox 741 3766 833 3826; x_wconf 92' lang='lat' dir='ltr'>vivos</span> <span class='ocrx_word' id='word_1_243' title='bbox 848 3766 888 3826; x_wconf 91' lang='lat' dir='ltr'>de</span> <span class='ocrx_word' id='word_1_244' title='bbox 904 3783 1067 3827; x_wconf 91' lang='lat' dir='ltr'>marmore</span> <span class='ocrx_word' id='word_1_245' title='bbox 1081 3791 1095 3819; x_wconf 86' lang='lat'><strong>»</strong></span> <span class='ocrx_word' id='word_1_246' title='bbox 1114 3766 1211 3827; x_wconf 89' lang='lat' dir='ltr'>ducet</span> <span class='ocrx_word' id='word_1_247' title='bbox 1226 3765 1353 3826; x_wconf 90' lang='lat' dir='ltr'>vultus.</span> 
     </span>
    </p>
   </div>
   <div class='ocr_carea' id='block_1_5' title="bbox 246 4029 1420 4592">
    <p class='ocr_par' dir='ltr' id='par_1_7' title="bbox 246 4029 1420 4449">
     <span class='ocr_line' id='line_1_32' title="bbox 281 4029 1418 4094; baseline -0.004 -11"><span class='ocrx_word' id='word_1_248' title='bbox 281 4035 301 4084; x_wconf 96' lang='lat' dir='ltr'>l.</span> <span class='ocrx_word' id='word_1_249' title='bbox 318 4032 392 4082; x_wconf 89' lang='lat' dir='ltr'>Petri</span> <span class='ocrx_word' id='word_1_250' title='bbox 411 4032 444 4081; x_wconf 91' lang='lat' dir='ltr'>de</span> <span class='ocrx_word' id='word_1_251' title='bbox 464 4031 543 4080; x_wconf 88' lang='lat' dir='ltr'>Blaro</span> <span class='ocrx_word' id='word_1_252' title='bbox 563 4030 630 4080; x_wconf 89' lang='lat' dir='ltr'>Rivo</span> <span class='ocrx_word' id='word_1_253' title='bbox 649 4034 842 4080; x_wconf 88' lang='lat' dir='ltr'>testamentum</span> <span class='ocrx_word' id='word_1_254' title='bbox 860 4043 950 4094; x_wconf 88' lang='lat' dir='ltr'>nuper</span> <span class='ocrx_word' id='word_1_255' title='bbox 968 4036 1108 4093; x_wconf 88' lang='lat' dir='ltr'>repertum</span> <span class='ocrx_word' id='word_1_256' title='bbox 1128 4029 1266 4088; x_wconf 76' lang='lat' dir='ltr'>(Arabicas</span> <span class='ocrx_word' id='word_1_257' title='bbox 1291 4029 1418 4093; x_wconf 77' lang='lat' dir='ltr'>departe-</span> 
     </span>
     <span class='ocr_line' id='line_1_33' title="bbox 246 4099 1417 4165; baseline -0.005 -11"><span class='ocrx_word' id='word_1_258' title='bbox 246 4101 382 4155; x_wconf 71' lang='lat' dir='ltr'>maritales</span> <span class='ocrx_word' id='word_1_259' title='bbox 400 4103 448 4153; x_wconf 80' lang='lat' dir='ltr'>des</span> <span class='ocrx_word' id='word_1_260' title='bbox 467 4102 572 4165; x_wconf 74' lang='lat' dir='ltr'>Vesper)</span> <span class='ocrx_word' id='word_1_261' title='bbox 592 4115 655 4151; x_wconf 89' lang='lat' dir='ltr'>cum</span> <span class='ocrx_word' id='word_1_262' title='bbox 673 4102 744 4151; x_wconf 86' lang='lat' dir='ltr'>notis</span> <span class='ocrx_word' id='word_1_263' title='bbox 765 4102 868 4150; x_wconf 86' lang='lat' dir='ltr'>editum</span> <span class='ocrx_word' id='word_1_264' title='bbox 887 4106 929 4150; x_wconf 84' lang='lat' dir='ltr'>est</span> <span class='ocrx_word' id='word_1_265' title='bbox 947 4113 963 4149; x_wconf 89' lang='lat' dir='ltr'>a</span> <span class='ocrx_word' id='word_1_266' title='bbox 981 4099 1007 4150; x_wconf 81' lang='grc'>1.</span> <span class='ocrx_word' id='word_1_267' title='bbox 1024 4100 1142 4164; x_wconf 87' lang='lat' dir='ltr'>Rouyer‚</span> <span class='ocrx_word' id='word_1_268' title='bbox 1158 4103 1193 4149; x_wconf 85' lang='lat' dir='ltr'>Le</span> <span class='ocrx_word' id='word_1_269' title='bbox 1211 4102 1365 4150; x_wconf 82' lang='lat' dir='ltr'>Testament</span> <span class='ocrx_word' id='word_1_270' title='bbox 1383 4100 1417 4148; x_wconf 83' lang='lat' dir='ltr'>dc</span> 
     </span>
     <span class='ocr_line' id='line_1_34' title="bbox 246 4169 1419 4235; baseline -0.003 -12"><span class='ocrx_word' id='word_1_271' title='bbox 246 4177 344 4224; x_wconf 80' lang='lat' dir='ltr'>Pierre</span> <span class='ocrx_word' id='word_1_272' title='bbox 354 4174 388 4223; x_wconf 86' lang='lat' dir='ltr'>de</span> <span class='ocrx_word' id='word_1_273' title='bbox 402 4174 517 4235; x_wconf 80' lang='lat' dir='ltr'>Blarre,</span> <span class='ocrx_word' id='word_1_274' title='bbox 526 4177 627 4224; x_wconf 81' lang='lat' dir='ltr'>auteur</span> <span class='ocrx_word' id='word_1_275' title='bbox 636 4173 669 4222; x_wconf 85' lang='lat' dir='ltr'>de</span> <span class='ocrx_word' id='word_1_276' title='bbox 684 4173 714 4222; x_wconf 85' lang='lat' dir='ltr'>la</span> <span class='ocrx_word' id='word_1_277' title='bbox 724 4171 873 4230; x_wconf 67' lang='lat' dir='ltr'>benedicte,</span> <span class='ocrx_word' id='word_1_278' title='bbox 882 4170 993 4234; x_wconf 69' lang='lat' dir='ltr'>carnote,</span> <span class='ocrx_word' id='word_1_279' title='bbox 1005 4175 1054 4221; x_wconf 85' lang='lat' dir='ltr'>etc.</span> <span class='ocrx_word' id='word_1_280' title='bbox 1064 4171 1218 4230; x_wconf 75' lang='lat' dir='ltr'>(Mdtnctres</span> <span class='ocrx_word' id='word_1_281' title='bbox 1228 4171 1262 4220; x_wconf 86' lang='lat' dir='ltr'>de</span> <span class='ocrx_word' id='word_1_282' title='bbox 1273 4171 1302 4222; x_wconf 84' lang='lat' dir='ltr'>ta</span> <span class='ocrx_word' id='word_1_283' title='bbox 1314 4169 1419 4220; x_wconf 72' lang='lat' dir='ltr'>secrete</span> 
     </span>
     <span class='ocr_line' id='line_1_35' title="bbox 247 4240 1419 4306; baseline -0.006 -10"><span class='ocrx_word' id='word_1_284' title='bbox 247 4245 448 4306; x_wconf 75' lang='lat' dir='ltr'>d’arclttolcpte</span> <span class='ocrx_word' id='word_1_285' title='bbox 463 4244 598 4306; x_wconf 78' lang='lat' dir='ltr'>lorraine,</span> <span class='ocrx_word' id='word_1_286' title='bbox 616 4243 694 4305; x_wconf 88' lang='grc'>1888.)</span> <span class='ocrx_word' id='word_1_287' title='bbox 709 4240 781 4291; x_wconf 87' lang='lat' dir='ltr'>Nihil</span> <span class='ocrx_word' id='word_1_288' title='bbox 792 4241 864 4305; x_wconf 89' lang='lat' dir='ltr'>quod</span> <span class='ocrx_word' id='word_1_289' title='bbox 874 4241 908 4291; x_wconf 91' lang='lat' dir='ltr'>ad</span> <span class='ocrx_word' id='word_1_290' title='bbox 923 4242 1091 4292; x_wconf 78' lang='lat' dir='ltr'>Nancctdem</span> <span class='ocrx_word' id='word_1_291' title='bbox 1106 4242 1240 4304; x_wconf 89' lang='lat' dir='ltr'>pertineat</span> <span class='ocrx_word' id='word_1_292' title='bbox 1256 4254 1289 4290; x_wconf 88' lang='lat' dir='ltr'>ex</span> <span class='ocrx_word' id='word_1_293' title='bbox 1303 4241 1355 4290; x_wconf 89' lang='lat' dir='ltr'>hoo</span> <span class='ocrx_word' id='word_1_294' title='bbox 1367 4245 1419 4290; x_wconf 90' lang='lat' dir='ltr'>tes-</span> 
     </span>
     <span class='ocr_line' id='line_1_36' title="bbox 249 4311 1420 4377; baseline -0.003 -13"><span class='ocrx_word' id='word_1_295' title='bbox 249 4320 367 4365; x_wconf 88' lang='lat' dir='ltr'>tamento</span> <span class='ocrx_word' id='word_1_296' title='bbox 383 4327 531 4377; x_wconf 84' lang='lat' dir='ltr'>excerpere</span> <span class='ocrx_word' id='word_1_297' title='bbox 545 4314 618 4372; x_wconf 86' lang='lat' dir='ltr'>licet,</span> <span class='ocrx_word' id='word_1_298' title='bbox 634 4326 688 4377; x_wconf 89' lang='lat' dir='ltr'>quo</span> <span class='ocrx_word' id='word_1_299' title='bbox 703 4316 808 4362; x_wconf 88' lang='lat' dir='ltr'>tantum</span> <span class='ocrx_word' id='word_1_300' title='bbox 823 4311 897 4361; x_wconf 88' lang='lat' dir='ltr'>Petri</span> <span class='ocrx_word' id='word_1_301' title='bbox 912 4312 1000 4375; x_wconf 89' lang='lat' dir='ltr'>pietas</span> <span class='ocrx_word' id='word_1_302' title='bbox 1014 4311 1181 4374; x_wconf 84' lang='lat' dir='ltr'>significatur</span> <span class='ocrx_word' id='word_1_303' title='bbox 1192 4316 1218 4361; x_wconf 90' lang='lat' dir='ltr'>et</span> <span class='ocrx_word' id='word_1_304' title='bbox 1229 4325 1292 4361; x_wconf 88' lang='lat' dir='ltr'>cum</span> <span class='ocrx_word' id='word_1_305' title='bbox 1308 4312 1420 4376; x_wconf 90' lang='lat' dir='ltr'>quibus·</span> 
     </span>
     <span class='ocr_line' id='line_1_37' title="bbox 249 4382 1358 4449; baseline -0.005 -13"><span class='ocrx_word' id='word_1_306' title='bbox 249 4387 310 4436; x_wconf 88' lang='lat' dir='ltr'>dam</span> <span class='ocrx_word' id='word_1_307' title='bbox 324 4386 471 4444; x_wconf 58' lang='lat' dir='ltr'>canonica,</span> <span class='ocrx_word' id='word_1_308' title='bbox 487 4386 639 4449; x_wconf 73' lang='lat' dir='ltr'>prasertim</span> <span class='ocrx_word' id='word_1_309' title='bbox 655 4399 717 4434; x_wconf 90' lang='lat' dir='ltr'>cum</span> <span class='ocrx_word' id='word_1_310' title='bbox 731 4384 836 4434; x_wconf 81' lang='lat' dir='ltr'>Joanne</span> <span class='ocrx_word' id='word_1_311' title='bbox 851 4383 960 4442; x_wconf 88' lang='lat' dir='ltr'>Basino‚</span> <span class='ocrx_word' id='word_1_312' title='bbox 976 4382 1176 4432; x_wconf 71' lang='lat' dir='ltr'>benevolentiae</span> <span class='ocrx_word' id='word_1_313' title='bbox 1192 4383 1358 4445; x_wconf 71' lang='lat' dir='ltr'>conjunctio</span> 
     </span>
    </p>

    <p class='ocr_par' dir='ltr' id='par_1_8' title="bbox 249 4452 1418 4592">
     <span class='ocr_line' id='line_1_38' title="bbox 278 4452 1418 4517; baseline -0.004 -11"><span class='ocrx_word' id='word_1_314' title='bbox 278 4458 303 4506; x_wconf 71' lang='lat'>2.</span> <span class='ocrx_word' id='word_1_315' title='bbox 318 4456 447 4506; x_wconf 89' lang='lat' dir='ltr'>Pilladius</span> <span class='ocrx_word' id='word_1_316' title='bbox 465 4456 615 4506; x_wconf 83' lang='lat' dir='ltr'>avunculus</span> <span class='ocrx_word' id='word_1_317' title='bbox 634 4456 720 4505; x_wconf 80' lang='lat' dir='ltr'>fuisse</span> <span class='ocrx_word' id='word_1_318' title='bbox 741 4455 863 4505; x_wconf 84' lang='lat' dir='ltr'>creditur</span> <span class='ocrx_word' id='word_1_319' title='bbox 877 4454 984 4503; x_wconf 90' lang='lat' dir='ltr'>Pilladii</span> <span class='ocrx_word' id='word_1_320' title='bbox 998 4453 1067 4502; x_wconf 89' lang='lat' dir='ltr'>illius</span> <span class='ocrx_word' id='word_1_321' title='bbox 1082 4453 1129 4517; x_wconf 92' lang='lat' dir='ltr'>qui</span> <span class='ocrx_word' id='word_1_322' title='bbox 1143 4452 1332 4503; x_wconf 77' lang='lat' dir='ltr'>Rusttctadcm</span> <span class='ocrx_word' id='word_1_323' title='bbox 1347 4466 1418 4502; x_wconf 90' lang='lat' dir='ltr'>com·</span> 
     </span>
     <span class='ocr_line' id='line_1_39' title="bbox 249 4528 352 4592; baseline 0 -16"><span class='ocrx_word' id='word_1_324' title='bbox 249 4528 352 4592; x_wconf 86' lang='lat' dir='ltr'>posuit.</span> 
     </span>
    </p>
   </div>
   <div class='ocr_carea' id='block_1_6' title="bbox 0 0 1673 5468">
    <p class='ocr_par' dir='ltr' id='par_1_9' title="bbox 0 0 1673 5468">
     <span class='ocr_line' id='line_1_40' title="bbox 0 0 1673 5468; baseline 0 0"><span class='ocrx_word' id='word_1_325' title='bbox 0 0 1673 5468; x_wconf 95' lang='lat' dir='ltr'> </span> 
     </span>
    </p>
   </div>
  </div>
 </body>
</html>
