3306 5468
782 622 824 632 —-
849 581 914 650 100
937 621 981 631 -

330 730 453 797 Rustic„
469 730 491 785 l.
507 727 560 797 VI,
576 747 605 799 p.
625 728 692 798 190,
710 747 737 783 v.
756 730 772 786 6
791 744 797 784 :
886 730 889 736 ’

505 827 575 896 Tum
582 827 701 894 juvenes
709 827 843 897 princeps
857 826 971 878 denovit
984 842 1094 885 monem
1109 825 1207 888 multoe

503 925 627 993 Militia,
644 925 740 992 quibus
754 925 867 977 instruit
881 940 967 976 onero
982 929 1080 975 cerreto
1093 928 1204 992 repente
1220 942 1229 975 .·
1323 952 1325 957 >

507 1044 519 1070 ‹
536 1023 622 1076 Miles
636 1023 716 1089 enim,
733 1022 816 1089 dimit,
832 1022 927 1074 nnllns
938 1022 1096 1091 praelarus
1111 1020 1238 1088 liabetur,

503 1122 617 1174 Divinis
626 1120 718 1189 fuerit
732 1120 764 1172 ni
776 1119 930 1188 relligionis
944 1125 1064 1186 amator,

509 1218 727 1289 Oppreesomqne
741 1235 794 1269 sno
807 1217 921 1269 viduam
935 1217 968 1268 ni
975 1221 1108 1287 protepot
1122 1223 1194 1283 orle,
1265 1214 1266 1219 ’

507 1316 617 1385 Popilli
624 1314 719 1383 flentis
734 1314 765 1366 ni
777 1314 900 1366 sublevet
914 1319 995 1383 atque
1010 1313 1134 1366 dolorem
1143 1333 1152 1381 ,·
1234 1362 1237 1366 ,

504 1412 649 1465 Praedonie
662 1428 758 1465 nomen
772 1412 849 1464 mileo
858 1410 1009 1480 sopiatque
1022 1409 1151 1478 nefandi,

505 1508 681 1577 Praefnipene
696 1509 798 1560 virtute
807 1507 860 1577 pio
875 1507 1004 1560 devincet
1018 1511 1043 1559 et
1056 1523 1158 1573 omnes,

506 1604 611 1657 Militis
625 1610 675 1657 not
689 1621 743 1655 non
758 1609 797 1657 est
808 1620 940 1672 penereso
955 1603 1063 1656 nomine
1077 1602 1187 1671 dipnor,
1207 1625 1219 1650 »

332 1719 440 1788 Nono„
457 1721 478 1774 l.
495 1720 549 1788 VI,
564 1738 592 1777 v.
611 1719 647 1773 69
664 1736 708 1788 sq.
723 1736 729 1770 :

512 1856 925 1875 ...............
942 1813 1082 1882 multique
1097 1819 1218 1867 sacrutae

506 1913 626 1967 Munere
640 1912 747 1966 militiae
764 1913 918 1980 donantur,
936 1917 965 1966 et
980 1911 1097 1965 ensibus
1112 1911 1171 1964 ieta
1240 1968 1242 1973 .

508 2012 591 2067 Colla
606 2013 686 2067 velut
700 2029 762 2066 mos
778 2017 837 2076 est3
854 2010 984 2064 referunt
999 2009 1060 2063 sine
1074 2010 1192 2064 vulnere
1206 2026 1311 2063 nomeu

507 2108 608 2162 Militis
623 2126 657 2163 ae
671 2109 765 2162 fasces
781 2123 852 2177 quos
868 2106 936 2161 ordo
952 2107 1090 2175 expromit
1105 2107 1268 2175 equester¹.

339 2268 419 2328 Haec
429 2266 578 2346 exempla
588 2267 667 2327 satis
677 2265 787 2327 valere
803 2265 956 2327 existimo
972 2266 1013 2326 ed
1027 2265 1287 2327 confirmandum
1302 2264 1469 2326 Nonceidis

295 2374 514 2436 imitationem
538 2371 712 2435 nonnullis
742 2373 778 2433 in
806 2372 890 2434 locis
915 2376 1099 2434 llnsticiodis
1128 2389 1223 2451 posse
1248 2371 1468 2451 deprehendi.

259 2516 261 2520 -
338 2480 416 2541 Alie
432 2481 528 2541 etiam
546 2477 733 2540 communia
749 2476 872 2539 hahent
889 2478 958 2538 haec
975 2478 1039 2539 duo
1059 2487 1221 2558 poemata,
1241 2478 1277 2539 in
1294 2496 1348 2539 ser
1362 2478 1469 2539 libros

258 2624 260 2628 »
294 2586 415 2664 pariter
432 2585 550 2646 divisa.
574 2584 617 2647 Ut
632 2585 751 2646 Petrus
769 2584 807 2645 de
834 2582 933 2646 Blaro
948 2584 1047 2662 Rivo,
1064 2584 1246 2645 narrationi
1267 2601 1334 2646 suae
1350 2585 1467 2646 verho-

296 2709 347 2751 sas
363 2692 529 2751 orationes
543 2689 665 2750 multos
683 2691 825 2750 inseruit
841 2689 1025 2768 Pilladius3
1047 2691 1161 2751 crebra
1180 2708 1310 2770 quoque
1329 2689 1467 2770 epipho-

295 2803 426 2857 nemate
436 2796 607 2872 usurpavit
621 2796 697 2856 etin
708 2796 820 2874 patulo
832 2796 1068 2857 sententiarum
1077 2796 1155 2857 orbe
1167 2795 1312 2858 libenter
1320 2805 1468 2858 moratus

295 2910 354 2964 est.
370 2900 530 2963 Pluribus
545 2909 656 2962 tamen
676 2903 764 2962 inter
779 2920 813 2962 se
828 2903 911 2963 duos
927 2902 1103 2980 scriptores
1124 2902 1257 2964 differre
1275 2893 1375 2964 facile
1389 2919 1469 2964 con·

296 3009 451 3087 spexeris

343 3113 378 3176 Si
404 3114 577 3175 materiam
600 3115 706 3192 ipsam
731 3115 891 3193 poematis
915 3115 1088 3196 intuearis,
1112 3114 1217 3176 multo
1242 3115 1348 3192 magis
1366 3133 1470 3193 quam

294 3224 438 3304 Neronia,
456 3224 606 3283 Rusticins
621 3212 813 3300 panegyrici
828 3220 986 3282 carminis
1007 3222 1143 3282 nomine
1165 3220 1362 3300 appellanda
1377 3222 1470 3285 vide·

294 3328 395 3408 bitur,
413 3346 489 3389 cum
504 3327 631 3389 nullam
647 3328 894 3405 praetermiserit
913 3325 1292 3412 Pilladiusoccasionem
1311 3327 1471 3389 laudibus

295 3432 1470 3514 extollendiAntoniumprimum,deindeomnesejuscognatosaffines-

296 3557 371 3620 que,
388 3539 442 3600 his
453 3539 619 3617 adjunctis
635 3540 816 3619 equitibus,
844 3540 1019 3620 episeopis,
1033 3541 1125 3602 ducis
1140 3540 1356 3610 consiliariis.
1370 3541 1416 3601 ita
1432 3551 1469 3602 ut

296 3654 361 3706 tota
373 3640 513 3706 Nanceii
528 3645 603 3706 aula
618 3645 664 3706 ihi
681 3664 746 3707 non
764 3647 835 3706 sine
845 3648 986 3724 quadem
996 3647 1186 3733 adulatione
1197 3647 1373 3726 praedicata
1387 3646 1432 3708 sit
1442 3644 1467 3707 ².

295 3750 575 3812 Verecundiorem
590 3751 626 3811 in
641 3751 805 3812 laudando
818 3752 951 3813 Petrum
968 3753 1072 3813 luisse
1091 3769 1158 3814 nou
1174 3737 1223 3814 est
1238 3736 1466 3814 infitiandum.

342 3856 439 3929 Quod
453 3857 481 3917 si
497 3858 538 3918 ad
551 3855 709 3917 miracula
726 3857 814 3918 etad
831 3859 968 3920 deorum
989 3846 1174 3920 ministeria
1189 3859 1350 3938 attendas,
1373 3865 1467 3919 nota-

297 3964 385 4025 tione
410 3964 547 4040 dignum
571 3964 740 4026 videbitur
763 3963 965 4046 Pilladinm‚
991 3967 1080 4044 quod
1101 3967 1240 4044 quidem
1270 3965 1470 4027 canonicum

297 4071 419 4151 decuit,
437 4070 541 4133 multa
556 4069 705 4148 exempla
720 4079 753 4131 et
765 4071 1004 4134 similitudines
1020 4091 1038 4133 a
1055 4073 1257 4135 Vetereeta
1272 4069 1367 4134 Novo
1387 4070 1471 4132 Tes-

297 4168 440 4238 tnmento
467 4177 666 4258 sumpsisse,
696 4195 836 4256 quorum
865 4186 1057 4258 utrumque,
1082 4179 1295 4257 paucissimis
1322 4179 1469 4257 exceptis

224 4541 225 4544 ,
330 4498 349 4547 1,
366 4498 435 4548 Vide
452 4513 490 4564 sq.
507 4514 533 4563 p.
550 4502 588 4551 57.

226 4572 227 4576 ’
327 4570 349 4618 2.
367 4568 405 4619 Cf.
423 4585 448 4633 p.
468 4572 519 4630 let,
535 4577 553 4620 t.
570 4572 592 4632 l,
609 4576 635 4622 et
651 4574 760 4637 possim.
