3306 5468
674 530 873 600 -ΛΜ-

237 673 355 735 iacchi
364 690 441 734 vero
452 681 643 756 praeceptor,
655 674 842 738 Lndcvicus
855 676 1105 754 Drinpeuberper,
1118 675 1180 736 hoc
1190 694 1363 754 argumen-

196 786 266 840 tum
279 779 475 841 brevissimo
491 787 523 841 et
537 781 726 844 aridissime
736 784 899 860 poematia
911 782 1157 861 tractavitqncd
1169 780 1364 860 inscriptum

166 946 170 952 ,
196 893 264 948 est:
293 888 331 946 lle
354 889 491 948 occubitu
513 889 599 948 ducis
624 888 842 965 Burpnndia¹.
874 889 981 963 Quam
1009 908 1122 968 aspere
1145 896 1177 950 et
1193 889 1307 968 jejune
1332 896 1364 951 et

195 1009 309 1071 parurn
330 993 500 1054 emendate
526 992 574 1053 ibi
596 1012 649 1054 res
673 995 760 1072 apud
785 993 970 1057 Nanceinnr
993 1004 1093 1074 gestae
1118 1003 1256 1056 narratae
1280 995 1362 1075 sint,

196 1115 235 1159 ex
250 1098 304 1158 his
319 1098 432 1177 paucis
448 1099 601 1161 versibus
613 1100 692 1161 satis
707 1101 920 1163 manifestum
935 1103 1023 1163 erit:

234 1264 271 1324 V.
288 1266 324 1320 27
341 1283 384 1334 sq.
401 1284 407 1319 ε
426 1265 540 1337 Oppida
555 1272 624 1321 sunt
637 1268 704 1339 tria,
722 1285 787 1336 quae
802 1268 857 1322 sibi
870 1274 931 1324 tum
946 1269 1086 1324 damnose
1098 1268 1198 1336 fnerc3

427 1363 462 1418 In
477 1365 562 1419 rebus
578 1363 722 1434 Gransen,
737 1383 824 1438 grege
835 1353 986 1435 ¹Murthen,
1003 1384 1123 1438 corpore
1135 1367 1264 1426 Nanscn.

428 1461 462 1515 In
476 1462 575 1532 primis
588 1462 661 1534 fuga
677 1463 739 1517 sola
753 1464 841 1532 salus,
860 1482 923 1534 quae
937 1463 994 1518 fine
1008 1463 1130 1520 fefellit:

427 1559 507 1614 More
522 1561 602 1614 cenis
617 1560 747 1628 meritur,
764 1561 813 1630 qui
828 1567 962 1615 strenuus
977 1567 1044 1616 ante
1059 1562 1185 1617 timetur.

431 1654 641 1710 commendans
657 1657 815 1726 dominum,
832 1658 972 1711 Kerolum
987 1659 1036 1727 qui
1049 1658 1152 1713 stravit
1165 1658 1196 1712 in
1210 1677 1318 1728 ynam,

428 1753 496 1808 Non
510 1760 576 1824 ege,
593 1755 644 1808 sed
659 1755 791 1809 dominus
807 1753 954 1810 devicerat
967 1754 1046 1810 hunc
1062 1755 1154 1809 -ait
1169 1773 1262 1810 ursus.

240 1913 289 1973 Ex
303 1914 379 1976 istis
392 1914 568 1992 poematiis
584 1913 672 1975 nihil
688 1914 841 1976 utilitatis
857 1915 983 1994 cepisse
999 1915 1136 1976 Petrum
1148 1914 1267 1996 liquet,
1285 1915 1312 1975 si
1328 1934 1366 1976 ea

198 2021 314 2081 saltem
328 2029 406 2081 ncta
421 2020 587 2082 habuerit.

242 2126 339 2199 Quod
362 2128 391 2187 si
409 2145 498 2189 nunc
518 2129 558 2189 ad
587 2145 642 2189 eos
664 2137 808 2188 transeas
831 2129 889 2207 qui
911 2128 1052 2191 Gallicis
1076 2129 1225 2191 versibus
1252 2127 1365 2190 Caroli

196 2240 336 2295 mortem
365 2233 629 2311 celebraverunt,
666 2233 798 2294 nullum
832 2245 1013 2296 memoratu
1041 2235 1179 2314 dignum
1217 2243 1364 2296 occurret

197 2357 330 2402 cannen
343 2347 398 2401 aut
413 2339 501 2418 quod
521 2340 670 2400 Ncncetdi
689 2339 888 2401 antecellere
908 2341 1025 2401 meritc
1046 2340 1148 2402 dicas.
1169 2340 1254 2402 Vide
1274 2331 1364 2402 enim

197 2465 294 2524 quam
311 2447 469 2508 affectatis
485 2445 678 2524 ambagibus
694 2464 751 2524 per
766 2442 951 2530 ἀλληγορίαν
967 2445 1136 2509 Oliverius
1152 2449 1186 2508 de
1201 2450 1231 2508 lc
1247 2450 1365 2509 llurche

200 2553 312 2616 Caroli
332 2554 543 2632 descripserit
562 2553 746 2614 interitum.
768 2553 808 2614 In
828 2554 891 2615 hcc
910 2554 999 2614 enim
1024 2561 1170 2633 poemate
1194 2555 1302 2633 qnod:
1329 2557 1366 2614 lc

199 2663 352 2722 Cherclier
373 2661 501 2720 deliberet
523 2659 727 2739 inscribitur,
753 2659 876 2737 ubique
896 2659 1065 2721 fastidiunt
1082 2661 1224 2721 afferunt
1244 2661 1366 2738 impar·

198 2774 277 2827 tuna
298 2767 359 2827 illa
378 2766 481 2826 medii
501 2765 564 2826 aevi
581 2764 747 2826 'subtilitas
767 2773 799 2826 et
813 2765 975 2845 perplexae
996 2765 1124 2844 figurae.
1144 2765 1194 2827 De
1214 2765 1367 2845 Burgun-

197 2873 312 2933 dornm
324 2873 406 2933 duce
417 2870 575 2933 hiclocus
591 2880 653 2951 est,
664 2873 758 2952 cujus
770 2871 917 2954 initium,
934 2872 961 2932 si
975 2873 1049 2951 quis
1065 2872 1177 2933 statim
1190 2872 1366 2952 desideret,

198 2976 414 3039 exscr·ibaur².

244 3087 283 3146 P.
300 3082 342 3147 78
358 3103 408 3164 sq.
425 3080 494 3169 (ed.
512 3080 612 3167 1844)
632 3096 652 3145 z·

232 3270 389 3315 COMMEN'I'
407 3271 445 3314 LE
462 3271 523 3314 DUC
541 3238 684 3314 CHARLES
699 3271 739 3313 DE
756 3269 951 3314 BOURGOGNE
968 3270 1143 3314 conssarrr
1159 3270 1335 3314 ACClDEN'l'.

491 3395 516 3448 A
526 3396 610 3464 peine
617 3395 667 3463 fut
681 3396 740 3448 leve
755 3395 781 3448 le
795 3393 896 3464 corpe³

497 3491 538 3545 On
552 3492 590 3544 dn
604 3492 692 3544 moine
706 3509 739 3544 en
752 3493 878 3561 sepulcre
893 3493 944 3544 mie

495 3587 551 3650 Qne
566 3591 627 3658 iope
640 3591 666 3642 le
682 3589 756 3642 bruil
765 3607 825 3659 par
839 3587 938 3642 dehere

493 3689 539 3741 De
553 3687 626 3740 deux
641 3691 696 3740 osta
711 3687 895 3757 treepne'ecana
910 3692 935 3740 et
944 3685 1011 3755 fore

494 3782 625 3838 Olcecun
633 3801 706 3853 pare
717 3785 750 3837 de
764 3800 806 3837 ees
821 3777 909 3842 amir!

493 3882 625 3936 Acciderat
640 3882 666 3934 le
674 3882 798 3951 premier
804 3881 839 3949 je
852 3882 895 3935 viz

204 3984 413 3993 ———-

237 4109 256 4157 i.
277 4106 386 4156 XXXII
403 4112 508 4158 tantum
527 4107 653 4158 versibus
672 4108 812 4171 scriptum.
833 4107 912 4171 (Vide
933 4109 1027 4170 Meyer
1045 4109 1079 4157 de
1099 4111 1232 4170 Knortcu,
1254 4122 1297 4171 cp.
1314 4111 1370 4171 cit,

203 4179 310 4300 po3llig
326 4251 475 4300 chevalier
488 4249 620 4312 delebere,
639 4251 820 4313 cctttprenant
835 4250 865 4298 la
880 4252 953 4300 tucri
967 4250 1006 4299 dn
1021 4250 1074 4298 duc
1093 4249 1128 4299 de
1146 4251 1309 4311 Bcnrpcyne
1325 4252 1372 4312 qui

204 4324 343 4384 trespaesa
362 4321 466 4372 devant
484 4325 579 4383 nance
595 4337 629 4371 en
644 4324 787 4371 Lcrratue.
806 4319 865 4370 Feit
880 4327 907 4371 et
923 4318 1051 4384 compose
1070 4333 1119 4383 par
1135 4320 1249 4370 messire
1269 4319 1373 4370 Olivier

205 4391 238 4441 de
258 4391 283 4441 la
302 4391 423 4442 Marche.
440 4391 604 4455 (Schiedem‚
624 4392 689 4450 1483,
706 4391 782 4441 tii-4⁰.
796 4418 827 4426 -
841 4391 947 4441 Rursus
968 4390 1072 4440 editum
1090 4404 1106 4439 a
1127 4393 1265 4454 Orapelet,
1285 4390 1372 4450 Paris,

207 4463 404 4598 witzinum,
421 4534 587 4598 Burgunutae
604 4534 691 4584 aucis.
