3306 5468
288 726 351 788 Sed
366 727 436 806 jam
446 727 524 787 satie
540 743 701 804 superque
713 725 971 786 demonstratum
982 731 1031 786 est
1043 743 1082 786 ex
1095 724 1278 787 Christiani
1290 724 1410 786 libello

240 836 384 896 fructum
403 832 529 910 cepisse
553 832 690 894 Petrum
711 831 751 892 de
772 832 871 893 Blaro
894 832 978 893 Rivo
1000 840 1031 894 et
1052 850 1130 893 eum
1153 831 1338 893 identidem
1360 831 1409 891 in-

241 941 386 1020 spexisse
411 946 447 1001 ut
472 940 514 1000 ad
541 939 689 1002 historiae
716 939 816 1001 fidem
842 956 959 1017 poema
982 939 1153 1000 scriberet.
1181 939 1272 1000 Nudi
1299 947 1409 999 autem

240 1046 396 1107 breviarii
419 1047 592 1107 materiam
613 1045 838 1126 amplificavit,
865 1063 1063 1126 operamque
1088 1045 1179 1107 dedit
1202 1051 1239 1105 ut
1260 1045 1409 1123 jejunam

240 1153 463 1214 narrationem
482 1151 627 1213 flosculis
648 1152 866 1228 distingueret
886 1158 916 1212 et
931 1147 1062 1213 dicendi
1078 1150 1244 1214 coloribus
1261 1149 1411 1211 illustra·

240 1258 532 1337 ret.Eipraete1·ea
550 1257 664 1319 nullus
685 1275 723 1318 ex
743 1274 781 1319 eo
797 1246 1031 1320 commentario
1049 1277 1129 1320 usus
1146 1259 1209 1320 suit
1236 1259 1271 1318 in
1289 1257 1409 1319 ceteris

241 1365 404 1426 Narteeidir
417 1363 523 1443 libris,
542 1381 618 1424 eum
632 1363 680 1424 ibi
694 1362 852 1424 ultimum
866 1371 996 1424 tantum
1010 1364 1174 1424 referatur
1187 1362 1354 1442 praelium.

288 1469 341 1529 Ad
365 1487 540 1548 summam,
562 1469 760 1547 paucissima
782 1486 843 1530 nos
868 1468 962 1531 docet
984 1469 1075 1530 Petri
1099 1472 1228 1533 Nubaeis
1247 1487 1320 1549 quae
1340 1486 1407 1530 uon

241 1581 352 1636 notata
367 1575 514 1654 reperias
530 1575 566 1634 iu
587 1573 766 1652 aequalium
783 1574 822 1635 de
842 1574 964 1635 iisdem
979 1576 1079 1636 rebus
1095 1575 1203 1654 libris,
1228 1575 1409 1654 intorques

243 1679 509 1757 primumloeum
525 1681 671 1741 obtinere
685 1698 817 1760 aequum
831 1688 882 1742 est
892 1679 1038 1742 Auuales
1049 1682 1247 1760 inscriptos:
1265 1685 1307 1742 lu
1319 1683 1410 1744 Claro·

241 1791 333 1864 hique
349 1789 384 1848 de
399 1785 575 1848 Lorraine¹.

288 1891 431 1964 Quidam
457 1900 568 1953 tamen
588 1898 830 1953 annotaveruut
858 1910 877 1952 a
897 1892 996 1953 Petro
1017 1893 1224 1955 solummodo
1240 1910 1300 1955 nos
1320 1909 1411 1955 aece-

241 1998 331 2076 pisse
350 1999 497 2077 naphtha
525 2016 603 2059 usos
631 2015 702 2059 esse
723 1997 921 2076 Burgundos
951 1999 993 2059 ad
1016 1999 1241 2060 incendendas
1271 1997 1411 2060 Naneeii

242 2106 369 2166 domos.

280 2272 388 2341 Natta,
404 2273 459 2339 III,
476 2290 503 2328 v.
523 2271 580 2327 242
599 2292 606 2326 :
622 2272 663 2326 At
676 2271 822 2344 ignigenas
837 2281 959 2344 pereunt
972 2273 1108 2329 incendia
1122 2253 1271 2344 naphthae.

243 2432 338 2494 Unus
351 2449 481 2512 qnoque
496 2439 609 2493 noster
624 2432 720 2495 ludos
734 2433 921 2513 mimasque
937 2442 1171 2497 commemorat
1185 2434 1306 2513 quibus
1323 2434 1412 2496 ohsi-

243 2537 352 2599 dionis
366 2539 464 2600 taedia
476 2537 593 2599 fallere
610 2538 758 2600 solebant
775 2537 888 2601 Caroli
904 2539 1048 2602 milites:

292 2703 346 2773 lV,
361 2723 390 2764 v.
409 2705 465 2760 608
482 2721 526 2774 sq.
547 2725 554 2759 ε

387 2803 483 2857 Lusus
498 2802 580 2856 abest
594 2805 691 2862 etiam.
709 2801 819 2857 Seaenae
834 2820 949 2874 quoque
963 2803 1057 2873 palma
1073 2802 1199 2872 disertae,

331 2938 333 2943 «
388 2899 556 2970 Pyeonius²
573 2916 703 2955 sermone
718 2901 802 2954 dicax
816 2905 987 2971 gestumque
998 2901 1154 2970 josumque

386 2997 517 3052 Perdidit
533 3003 621 3066 atque
634 2997 716 3068 bipes
730 2997 777 3052 hie
794 2998 891 3068 Belgae
906 2997 988 3052 simia
1001 2997 1096 3068 gentis

386 3093 434 3148 Ad
449 3095 537 3148 risum
552 3099 665 3150 motura
679 3096 756 3151 viros
770 3112 847 3149 nune
860 3095 956 3148 omnia
971 3095 1067 3153 deflet.

284 3255 358 3316 Etsi
374 3273 412 3315 ex
423 3254 621 3333 supradietis
637 3253 851 3331 probabiliter
864 3254 981 3316 confici
996 3261 1103 3333 potest
1119 3254 1152 3314 iu
1164 3255 1314 3316 Narteeide
1326 3250 1413 3316 nihil

241 3379 385 3441 uuquam
400 3361 594 3440 ementitum
609 3378 679 3422 esse
696 3360 843 3441 Petrum,
861 3377 928 3422 raon
945 3370 1051 3422 tamen
1066 3360 1345 3422 dissimulandum
1358 3370 1408 3422 est

240 3485 316 3528 eum
340 3485 393 3528 res
406 3475 523 3542 gestas
550 3468 708 3545 quasdam
732 3467 896 3548 omisisse,
921 3467 991 3528 sive
1016 3485 1129 3528 earum
1153 3467 1265 3528 minus
1288 3484 1411 3544 guarus

240 3571 313 3652 fuit,
336 3573 405 3633 sive
431 3589 534 3632 unum
553 3582 584 3632 et
602 3571 741 3652 simplex
759 3580 990 3648 argumentum
1014 3574 1116 3633 nimis
1136 3574 1262 3635 variare
1284 3573 1408 3653 uoluit,

240 3679 309 3740 sive
330 3680 472 3758 denique
493 3680 614 3759 timuit,
636 3697 691 3759 ne,
713 3697 785 3758 quae
803 3680 939 3741 tacenda
958 3681 1164 3742 existimabat
1184 3680 1328 3762 locutae,
1345 3682 1411 3742 Re·

239 3786 307 3846 nati
323 3784 465 3862 gloriam
478 3785 514 3846 iu
531 3793 699 3865 posterum
714 3785 890 3846 minueret.

285 3891 446 3973 Primum,
468 3905 542 3953 cum
566 3891 768 3971 propositum
792 3892 975 3970 praesertim
1005 3893 1140 3954 haberet
1168 3901 1235 3954 tres
1265 3891 1407 3954 Naneeii

244 4123 454 4132 ...—

272 4283 522 4344 tentassemus
542 4298 557 4333 n
576 4287 647 4334 Dent
667 4285 775 4335 dalnart
794 4282 925 4345 (Histoire
939 4285 975 4334 de
989 4287 1135 4349 lorraine,
1151 4286 1195 4336 ed.
1219 4287 1287 4345 1757,
1305 4290 1324 4336 t.
1346 4286 1411 4341 Vll,
1446 4323 1448 4325 »

239 4356 484 4405 Praevessewaar
494 4356 512 4404 d
522 4356 699 4406 l'histoa'rede
709 4357 854 4418 Lorraz‘ne,
865 4369 892 4418 p.
906 4356 1123 4420 lsq.)etiterum
1133 4369 1203 4405 anno
1221 4357 1279 4407 1860
1295 4353 1409 4421 (Naney,

238 4424 372 4491 Wiener),
387 4426 485 4477 abbate
500 4427 627 4477 Mareliat
643 4429 767 4477 curante.

257 4496 477 4617 d2'1«·fgy⁰⁰nius'
493 4496 630 4561 picarduS,
647 4498 694 4562 qui
710 4501 751 4548 est
766 4497 853 4561 palma
868 4511 979 4549 seeeuae.
996 4517 1006 4544 i
1023 4498 1135 4550 loannis
1150 4499 1243 4549 Basini
1257 4500 1407 4559 annotatio,

239 4579 254 4616 e
278 4606 283 4617 .
315 4585 328 4618 a
364 4607 369 4617 .
