3306 5468
706 547 885 614 ..pp-

208 694 312 755 menti
337 693 418 754 vitio
437 693 546 772 potins
569 711 669 772 quam
688 693 855 773 scriptoris
875 691 983 772 eulpa,
1007 691 1097 753 haud
1116 707 1189 752 raro
1209 689 1322 752 evenit
1350 699 1387 752 nt

209 802 315 880 major
329 809 359 861 et
374 798 580 878 splendidior
595 802 722 863 Renato
739 802 803 862 dux
820 800 1024 876 Burgundio}
1042 805 1206 879 appareat,
1228 806 1386 876 atquem

209 923 320 966 rerum
333 912 497 983 gestarum
509 909 596 968 fama
606 907 812 970 commendet
825 906 1061 984 illustrentque
1076 906 1240 965 immensa
1250 904 1386 981 incepta

211 1018 243 1070 et
258 1010 329 1072 haec
346 1012 417 1091 ipsa
427 1012 637 1091 inexplebilis
648 1013 840 1075 dominandi
850 1013 982 1093 cupido,
996 1013 1076 1073 dum
1087 1010 1180 1072 exsul
1196 1016 1228 1070 et
1243 1008 1386 1088 supplex

210 1116 305 1196 alter,
322 1136 509 1198 quanquam
524 1138 582 1198 pro
595 1120 670 1198 jure
686 1127 820 1199 pugnat,
840 1119 898 1180 din
914 1128 1103 1180 tamennon
1120 1115 1384 1177 tamadmiratio·

210 1241 287 1284 nem
302 1242 400 1302 quam
414 1226 678 1288 misericordiam
690 1242 820 1287 movere
831 1223 930 1286 valet.
948 1221 990 1283 In
1002 1221 1129 1284 ultimis
1142 1222 1274 1283 demum
1285 1220 1384 1281 libris

211 1329 356 1406 exsurgit
372 1331 518 1392 Renatus
537 1332 579 1392 ad
593 1332 722 1392 heroici
738 1331 893 1393 carminis
910 1329 1105 1406 dignitatem
1122 1336 1164 1407 et,
1181 1333 1272 1388 tanto
1287 1326 1385 1387 hoste

211 1435 352 1516 devicte,
369 1436 555 1497 immortale
570 1437 634 1497 sibi
651 1436 751 1499 decus
768 1444 944 1514 comparat.
963 1435 1059 1497 Haud
1076 1432 1184 1514 aliter,
1206 1459 1220 1487 ι
1241 1434 1270 1495 si
1285 1452 1386 1512 parva

212 1539 289 1601 licet
311 1558 507 1619 componere
527 1535 657 1618 magnis
677 1568 707 1623 »,
729 1544 766 1603 in
784 1544 856 1621 ipsa
876 1544 999 1604 AEneitle
1016 1542 1071 1620 pio
1091 1539 1206 1601 AEneae
1230 1540 1385 1602 tenebras

212 1647 378 1707 interdum
393 1647 526 1709 obducit
540 1649 663 1708 eximia
676 1648 809 1725 fulgens
825 1647 1021 1710 fortitudine
1038 1646 1198 1707 Rutulus.

258 1752 296 1813 Si
318 1754 394 1832 quis
415 1761 524 1815 tamen
544 1755 581 1814 in
596 1754 788 1816 uuiversum
802 1756 985 1817 Nonceidern
1000 1753 1273 1832 consideraverit,
1292 1751 1387 1813 iuve-

213 1858 282 1919 niet
298 1859 408 1921 omnia
423 1859 535 1921 Caroli
550 1861 629 1921 vitia
644 1862 722 1922 satis
743 1861 904 1937 insignite
920 1858 1065 1921 describi
1086 1863 1121 1919 ut
1139 1866 1264 1918 exstare
1285 1864 1388 1935 atque

213 1966 360 2027 eminere
375 1966 526 2027 videatur
544 1985 620 2028 vera
636 1967 812 2044 vividaque
828 1967 897 2045 ejus
913 1964 1051 2040 efligies.
1072 1963 1225 2024 Breviter
1235 1962 1292 2023 hio
1307 1979 1387 2023 con-

191 2146 193 2150 ,
214 2073 373 2134 trahenda
392 2081 468 2134 sunt
487 2091 561 2152 quae
581 2091 640 2152 per
658 2081 763 2134 totum
782 2090 899 2151 poema
913 2071 1013 2132 etiam
1029 2077 1127 2148 atque
1143 2069 1242 2130 etiam
1262 2070 1387 2146 sparsit

214 2186 245 2241 et
271 2180 421 2257 pluribus
446 2181 555 2241 verbis
580 2181 695 2241 Petms
719 2181 759 2241 de
780 2179 878 2241 Blaro
900 2179 984 2240 Rivo
1005 2177 1175 2238 disseruit.
1203 2175 1243 2236 In
1267 2177 1388 2254 primis

215 2283 327 2347 Caroli
341 2284 538 2346 insatiabilis
557 2286 692 2347 ambitio
714 2286 897 2346 sexcenties
919 2291 1052 2346 notatur
1065 2285 1203 2363 ejusque
1220 2300 1295 2342 acer
1313 2282 1388 2342 ani-

213 2410 286 2451 mus
302 2389 388 2477 nihil
404 2408 470 2451 non
485 2392 584 2451 armis
603 2391 784 2466 arrogantis
800 2398 831 2451 et
843 2392 917 2469 jura
931 2397 1007 2451 nata
1021 2391 1085 2451 sibi
1099 2389 1277 2467 negantis:

254 2549 300 2606 ef.
318 2549 424 2619 Nona,
441 2551 467 2622 I,
482 2569 511 2609 r.
528 2551 585 2604 222
602 2547 742 2627 (loquitur
756 2549 853 2604 Caesar
867 2547 1051 2623 Fredericus)
1069 2568 1076 2602 ι

427 2648 584 2718 Impatiens
598 2648 706 2702 domini
721 2625 861 2717 nobisque
877 2647 1015 2701 excelsior
1028 2646 1114 2715 ipsis,

427 2744 663 2813 Induperatorem
677 2751 728 2798 aut
740 2760 836 2815 regem
851 2762 909 2798 non
925 2744 1017 2814 novit,
1035 2749 1064 2796 at
1078 2741 1171 2796 ambit

428 2842 581 2896 Terrarum
597 2840 737 2910 quidquid
751 2840 794 2894 sol
807 2857 916 2910 pronus
931 2839 1023 2911 cingit
1036 2843 1064 2894 et
1080 2841 1169 2893 altus.

217 3001 247 3053 et
260 2991 410 3069 passim·
423 2992 426 2999 '

260 3099 300 3158 Iu
327 3097 435 3159 lucem
458 3114 589 3176 qnoque
612 3096 776 3174 profertur
793 3096 956 3158 indomita
985 3096 1079 3156 ducis
1109 3094 1262 3173 snperbia
1290 3092 1383 3154 leoni

216 3203 398 3281 saepissime
414 3202 467 3263 vel
482 3202 601 3281 pavoni
616 3201 816 3280 comparati:

256 3363 280 3433 l,
296 3379 325 3419 v.
343 3364 358 3416 1
375 3379 418 3431 sq.
433 3382 439 3416 :
456 3361 561 3416 Proelia
574 3361 789 3431 magnanimum
805 3376 870 3431 quae
885 3365 913 3413 te
928 3358 1039 3430 fregere
1055 3360 1182 3413 Leonem

456 3459 571 3512 Elatum
585 3459 678 3513 titulis
692 3465 754 3513 toto
769 3458 948 3527 fulgentibus
964 3457 1044 3516 orbe.

297 3554 335 3608 V.
351 3555 407 3609 412
426 3575 433 3610 2
449 3555 517 3609 Dux
530 3555 580 3609 ubi
595 3556 721 3626 rugitum
736 3556 839 3627 pressit
853 3556 897 3609 leo
902 3599 962 3614 .....

219 3716 250 3770 et
266 3708 401 3787 passim.

256 3868 280 3939 1,
297 3887 326 3926 v.
344 3868 400 3921 501
416 3884 460 3938 eq.
479 3886 485 3920 :
502 3863 688 3935 Accessuque
703 3883 801 3920 omnes
816 3867 872 3919 dux
888 3864 1071 3936 dedignatus,
1088 3861 1204 3933 Olympi

508 3964 575 4018 «lam
589 3981 717 4020 convexa
731 3964 803 4018 levis
817 3969 900 4018 terrae
915 3969 944 4018 et
959 3963 1020 4016 sine
1033 3962 1159 4031 pondere
1174 3960 1278 4016 caleat.

510 4061 557 4116 Sic
572 4079 625 4132 ego
641 4078 781 4132 pavonem
795 4061 855 4116 vidi
869 4059 1043 4131 meminique
1058 4057 1189 4128 superbis

509 4156 758 4228 Contemplantem
773 4159 864 4213 oculis
880 4175 942 4213 sese
957 4157 1072 4228 quaudo
1089 4156 1156 4211 orbe
1170 4159 1280 4210 rotatas

509 4256 609 4312 Erexit
620 4255 707 4327 pictae
721 4258 833 4328 plumas
848 4257 884 4310 ad
899 4256 993 4310 sidera
1008 4255 1158 4312 caudae...'.
1177 4269 1219 4324 sq.
1233 4254 1239 4282 ¹

221 4431 428 4443 ...—

250 4540 271 4589 1,
288 4539 327 4589 Cs.
342 4538 391 4599 ΙΙΙ,
407 4553 431 4589 v.
447 4539 489 4589 att
507 4552 548 4602 sq.
