3306 5468
719 503 918 572 -too-

233 647 347 710 saeculi
372 657 466 729 poeta
495 651 624 728 aliquid
653 651 789 712 Petrum
816 656 1001 711 mutuatum
1029 667 1113 710 esse.
1144 647 1240 710 Certe
1271 648 1406 710 nullam

232 762 344 815 nostro
366 755 593 830 cognationem
613 775 684 817 esse
700 775 775 818 curn
795 756 930 836 cyclicis
950 753 1165 832 scriptoribus
1189 753 1246 831 qui
1270 752 1401 830 Caroli,

232 867 287 922 aut
303 860 441 921 Arthuri
458 867 512 922 aut
530 861 748 941 Trojanorum
761 880 813 922 res
828 869 935 936 gestas
951 862 1261 935 cecinerunt,nemo
1278 867 1326 920 est
1343 860 1404 939 qui

232 985 299 1028 non
316 967 436 1027 videat.
456 968 615 1030 Praeterea
630 976 744 1029 notum
760 974 809 1028 est
824 975 993 1045 quantum,
1010 966 1147 1026 ineunte
1162 971 1251 1026 sexto
1270 964 1402 1027 decimo

232 1073 365 1153 saeculo,
380 1075 450 1152 jam
466 1074 634 1135 sorderent
649 1082 681 1134 et
695 1073 845 1150 neglecta
856 1074 1003 1152 jacerent
1019 1071 1150 1132 heroica
1159 1070 1220 1131 illa
1234 1078 1400 1150 poemata.

232 1175 405 1256 Nusquam
420 1186 530 1240 autem
544 1181 728 1241 Naneeiaem
742 1178 924 1258 perlegenti
941 1176 1052 1238 Caroli
1067 1177 1192 1257 Magni,
1206 1176 1351 1238 Rolandi
1369 1185 1400 1239 et

231 1290 276 1343 tot
290 1283 431 1345 heroum
445 1285 582 1345 nomina
597 1292 782 1346 occurrent.

277 1386 346 1449 Nee
368 1390 474 1463 magis
499 1389 676 1449 arbitratus
701 1388 821 1449 luerim
845 1388 981 1449 Petrum
1004 1394 1080 1447 ante
1105 1386 1217 1448 oculos
1241 1387 1400 1449 habuisse

232 1493 389 1555 historica
412 1494 473 1555 illa
495 1504 645 1573 poemata
669 1495 788 1574 quihus
811 1495 966 1574 praeclare
996 1494 1079 1554 facta
1107 1509 1224 1568 regum
1248 1492 1400 1554 versibus

231 1619 320 1662 nunc
344 1601 490 1679 gallicis,
507 1618 595 1662 nuuc
618 1602 731 1663 latinis
751 1623 770 1662 a
785 1603 916 1663 clericis
930 1601 1166 1663 reserebantur.
1184 1600 1264 1673 Quae
1285 1600 1401 1661 omnia

231 1706 400 1785 inquirere
417 1713 447 1767 et
463 1707 572 1783 legere
583 1707 751 1768 inlinitum
762 1716 793 1768 et
804 1709 957 1769 odiosum
974 1707 1101 1769 luisset.
1119 1707 1278 1780 Quaedam
1288 1715 1400 1768 tamen

231 1812 318 1873 inter
337 1812 509 1873 notissima
531 1813 652 1893 evolvi,
670 1815 705 1873 in
724 1814 844 1892 quihus
860 1813 953 1874 nulla
974 1831 1048 1874 cunr
1067 1815 1218 1875 Nauceide
1242 1812 1310 1873 nisi
1333 1813 1398 1875 ior-

233 1919 314 1980 tuita
329 1926 360 1979 et
377 1937 414 1979 ex
430 1920 635 1996 argumentis
651 1921 733 1999 ipsis
748 1928 824 1981 nata
839 1920 1024 1981 similitudo
1040 1920 1126 1979 mihi
1140 1920 1305 1998 apparuit.

276 2026 322 2085 Ex
337 2025 401 2086 hoc
417 2042 553 2086 numero
572 2034 620 2088 est
634 2025 783 2087 Abhonis
799 2026 953 2087 monaehi
971 2029 1009 2086 De
1022 2027 1110 2086 Bottia
1128 2029 1289 2087 Paririaee
1307 2027 1398 2086 urbis

231 2142 257 2191 et
277 2133 387 2191 Orionis
408 2135 525 2192 eonrttts
545 2129 688 2209 poema'.
717 2132 811 2193 Nihil
831 2141 942 2193 autem
964 2133 1011 2192 ihi
1032 2131 1133 2192 habes
1155 2132 1220 2193 nisi
1240 2132 1401 2193 chronica

230 2237 316 2298 male
348 2239 483 2299 [ornatis
511 2239 661 2299 versibus
691 2239 822 2318 scripta,
848 2256 920 2316 quae
949 2239 1225 2316 quemadmodum
1250 2237 1402 2300 historiae

231 2344 396 2405 conditori
412 2345 508 2406 utilia
528 2352 616 2426 sunt,
635 2346 678 2406 ita
693 2366 711 2406 a
725 2347 817 2422 poesi
837 2345 950 2422 procul
970 2345 1156 2407 abhorrent.
1174 2344 1238 2406 Vix
1257 2345 1402 2424 paucula

231 2448 374 2529 reperias
391 2468 465 2527 quae
482 2469 556 2511 cum
571 2451 722 2511 Naneetae
737 2451 925 2511 communia
940 2452 1007 2512 diei
1021 2451 1161 2530 possint.

269 2613 366 2687 Abbo,
383 2615 404 2674 l.
420 2616 461 2683 Il,
478 2633 508 2684 p.
526 2617 582 2669 516
599 2611 658 2688 (ed.
675 2615 711 2673 A.
727 2617 777 2670 Du
795 2613 930 2691 Ohesne):

429 2711 516 2779 Inque
529 2730 593 2765 suos
606 2713 706 2780 nitens,
721 2711 880 2780 Sequanam
894 2715 1025 2782 transire,
1042 2715 1191 2768 Dacorum

431 2808 493 2859 Rea
508 2807 611 2875 Stnre‘e,
624 2810 739 2877 qeme'nie
753 2810 861 2862 ratehue
875 2812 985 2881 spretis,
1002 2813 1158 2882 penetrauit

433 2902 501 2956 Cum
515 2905 595 2958 sociis
610 2912 713 2958 terrum
726 2907 936 2976 quinquagenis,
950 2909 1113 2977 patiturque

429 3000 621 3071 Naufragrt'um
629 3022 639 3070 ,·
655 3003 743 3055 medio
752 3001 838 3070 fluuii
844 3002 967 3070 ferndum
976 3005 1127 3073 petiturus,

435 3096 493 3157 Quo
501 3097 567 3162 fierit
581 3099 742 3165 conataeque
757 3100 838 3153 simul
853 3101 973 3153 tentoria
987 3102 1080 3159 morti.

431 3193 488 3246 Hie
501 3210 553 3245 ena
567 3200 662 3247 caetra
674 3196 755 3262 prius
768 3195 904 3263 Sequana
919 3198 1076 3268 eorrtr‘nqere
1084 3198 1205 3266 fandum

435 3289 491 3350 Quo
506 3306 621 3360 serpens
635 3292 735 3358 oritur,
752 3292 835 3359 dimit,
851 3311 933 3360 quam
948 3295 1072 3362 linquere
1088 3295 1214 3365 Reqnum

429 3387 616 3454 Francorum,
626 3387 698 3456 feeit
711 3389 830 3440 Domino
845 3390 981 3443 tribuente
995 3392 1068 3459 quod
1083 3393 1182 3461 inquit.

273 3494 320 3552 Cf.
336 3497 442 3566 Naue,
459 3517 486 3553 v.
506 3501 563 3552 620
580 3518 621 3570 sq.
639 3520 645 3553 ε

432 3593 517 3647 Talia
531 3596 703 3650 confirmans
718 3614 733 3650 e
749 3600 819 3652 eaelo
835 3600 923 3654 verba
937 3601 1054 3655 deorum

433 3692 494 3744 Rex
509 3691 598 3745 deus:
620 3717 632 3743 ‹
650 3694 716 3758 hac,
732 3696 836 3765 inquit,
854 3713 967 3766 semper
982 3697 1084 3752 tellure
1099 3699 1228 3754 manebis
1238 3723 1280 3758 i..
1294 3743 1301 3758 .
1315 3719 1361 3772 sq.

274 3799 369 3869 Abbo,
385 3803 407 3855 l.
422 3803 462 3871 ll,
478 3821 508 3873 p.
525 3806 580 3859 511
595 3825 602 3858 τ
624 3807 745 3861 Vulcano
755 3811 842 3878 periit
856 3810 956 3863 claudo
971 3811 1117 3880 Neptunus
1132 3813 1255 3868 inermis.

273 3915 379 3984 Naue,
396 3917 452 3988 Ill,
469 3935 497 3972 v.
517 3920 572 3973 124
591 3940 597 3972 :
615 3922 737 3976 Vincere
751 3928 812 3977 tum
828 3925 943 3979 Thetim
960 3931 1052 3979 certat
1066 3927 1228 3984 Vulcanus.
1243 3971 1248 3982 .
1263 3971 1290 3986 ..

463 4014 500 4071 V.
518 4016 574 4070 237
593 4036 600 4068 ε
621 4061 802 4076 .......
818 4037 872 4074 nee
885 4019 985 4090 habes,
1001 4022 1147 4091 Neptune,
1165 4025 1329 4079 tridentem.

234 4200 447 4212 n———-„---—.

267 4325 286 4373 i.
304 4324 382 4384 erod
400 4327 545 4377 ediderunt
564 4331 658 4380 Aridre'
676 4333 716 4379 Du
737 4333 839 4382 chesne
856 4333 950 4395 (Paris
970 4333 1032 4385 Seb.
1053 4334 1199 4398 Cramoisy,
1218 4335 1401 4402 MDGXXVI)

234 4397 345 4529 tetxllllquq
356 4401 479 4461 Bonquet
503 4399 622 4462 (Recuett
641 4403 689 4451 aes
707 4402 854 4453 historiens
873 4405 921 4453 (tes
937 4407 1037 4455 Gaulos
1053 4409 1078 4456 et
1093 4408 1127 4457 cte
1144 4408 1173 4456 ta
1194 4409 1310 4472 Franco,
1329 4409 1399 4470 1752,
