3306 5468
680 1130 828 1196 CAPUT
855 1133 883 1194 V

162 1407 165 1410 <
198 1375 284 1435 QUAE
304 1373 469 1426 FUERINT
489 1376 537 1426 DE
558 1374 746 1428 NaNcnluE
766 1377 972 1437 AEQUALIUM
992 1378 1151 1429 subruta.
1174 1399 1225 1407 -
1245 1379 1366 1429 PAUCA

280 1509 328 1559 DE
358 1509 544 1577 PILLADIO,
576 1509 688 1560 PETRI
717 1510 765 1559 DE
795 1509 916 1561 BLARO
948 1510 1035 1562 alvo
1065 1511 1284 1562 IMITATORE.

702 1760 859 1770 .--—.

239 2225 290 2287 De
314 2225 387 2306 ipsa
410 2227 562 2289 Nooreide
585 2227 664 2288 satis
690 2244 851 2305 superque
876 2226 1078 2304 disputatum
1104 2234 1166 2289 est.
1193 2227 1305 2295 Restat
1328 2237 1365 2290 ut

196 2333 414 2414 inspiciamus
436 2333 545 2413 qualis
570 2333 672 2395 fuerit
696 2334 768 2413 ejus
791 2333 953 2412 poematis
979 2333 1124 2414 fortuna,
1141 2324 1304 2412 quomodo
1325 2333 1364 2393 ab

196 2440 379 2519 aequalibus
405 2441 604 2502 aestinratum
629 2441 683 2520 sit,
709 2439 889 2520 qualesque
909 2440 1045 2502 aemulos
1067 2440 1185 2502 Petrus
1200 2438 1362 2528 habuerit.

197 2546 276 2620 Quae
293 2547 418 2608 fuerint
434 2544 613 2626 aequalium
624 2546 664 2608 de
674 2547 825 2608 Nooreide
836 2547 1006 2608 sententiae
1020 2564 1056 2607 ex
1068 2546 1122 2607 bis
1135 2553 1260 2607 tantum
1272 2545 1364 2607 testi-

194 2654 315 2714 moniis
330 2672 402 2733 qnae
424 2654 460 2714 in
477 2653 623 2715 editione
640 2672 699 2714 sua
717 2653 863 2715 Joannes
882 2652 1025 2714 Bosinus
1047 2652 1181 2727 collegit
1202 2651 1362 2730 suspicari

194 2759 286 2822 licet.
311 2759 440 2833 Quibus
466 2760 496 2820 si
519 2760 601 2822 fides
624 2759 793 2841 habeatur,
816 2757 1062 2837 amplissimum
1087 2759 1151 2820 sibi
1176 2759 1255 2820 iecit
1279 2761 1365 2838 apud

195 2866 416 2944 Lotharingos
439 2884 563 2928 nomen
577 2867 742 2929 Noooeidr's
758 2866 907 2948 scriptor,
936 2866 1032 2945 cujus
1058 2865 1224 2943 «insigne
1247 2883 1363 2944 opus»

195 2973 336 3033 summis
351 2970 505 3033 laudibus
522 2971 695 3033 extollitur
709 2972 745 3032 in
759 2972 861 3033 variis
878 2970 919 3032 ad
934 2979 1064 3048 poetam
1079 2970 1192 3032 missis
1210 2971 1366 3032 carmini·

195 3076 569 3138 busArtiiiciosissime
580 3086 772 3155 aggeratum
782 3094 898 3156 poema
907 3076 1064 3155 praedicat
1074 3076 1230 3137 Basinus.
1251 3100 1265 3128 «
1279 3075 1366 3136 Nam

197 3206 213 3236 α
230 3182 287 3243 ubi
304 3183 554 3265 celeritate,ubi
565 3184 729 3264 tarditate,
745 3184 804 3245 ubi
825 3184 960 3245 fremitu
970 3182 1023 3243 vel
1035 3183 1173 3262 inipetu,
1186 3182 1244 3243 ubi
1258 3182 1364 3258 gravi·

198 3312 213 3342 α
233 3297 308 3367 tate,
324 3288 384 3351 ubi
398 3288 551 3371 solercia,
568 3291 627 3351 nbi
641 3290 784 3370 denique
802 3290 920 3350 ceteris
942 3290 983 3351 ad
1002 3307 1092 3350 anna
1107 3288 1364 3366 congruentibus

198 3419 214 3448 α
233 3395 331 3457 rebus
346 3404 443 3474 atque
458 3397 568 3458 modis
583 3415 719 3458 necesso
740 3403 801 3478 est,
819 3395 931 3457 omnia
943 3412 1048 3472 usque
1063 3396 1144 3457 adeo
1160 3405 1225 3457 tarn
1239 3412 1365 3458 accom-

198 3526 215 3556 «
233 3503 330 3563 mode
352 3510 505 3580 tantaque
522 3520 599 3564 oum
624 3503 797 3563 verborum
817 3500 1006 3563 affabilitate
1024 3501 1111 3563 canit
1129 3508 1165 3563 ut
1178 3502 1310 3579 ignores
1324 3519 1366 3562 an

199 3632 214 3662 α
231 3627 284 3669 res
300 3608 410 3670 verbis
424 3626 466 3668 an
480 3609 580 3669 verba
595 3609 690 3670 rebus
703 3608 925 3689 illustrentur,
944 3615 976 3668 et
997 3607 1135 3686 proinde
1154 3608 1188 3668 in
1204 3607 1365 3668 florentis·

200 3741 215 3770 α
235 3714 319 3776 simo
346 3713 676 3793 praeclarissimorum
708 3721 879 3792 poetarum
900 3723 985 3775 oaetu
1015 3732 1049 3774 se
1082 3714 1366 3775 annumerandum

200 3849 215 3878 «
235 3821 383 3882 effecerit
412 3821 598 3898 meritoque
628 3819 839 3880 annumerari
868 3819 983 3881 debeat
996 3828 1015 3882 ¹.
1049 3845 1064 3874 »
1095 3820 1209 3896 Elegis
1236 3838 1366 3899 quoque

201 3925 1366 4006 BasinusmandavitNaareidispraeoonium,interquoshoslegereest:
1399 3951 1402 3958 ·

432 4097 497 4152 Non
512 4098 620 4167 majore
634 4093 715 4148 Maro
730 4111 783 4149 sua
798 4094 927 4149 concinit
940 4110 1018 4149 arma
1033 4112 1137 4149 canore

472 4194 565 4259 Quam
580 4198 612 4248 tu
627 4193 788 4248 Noaceidos
803 4191 911 4263 praelia,
928 4193 1024 4261 Patre,
1041 4199 1109 4251 tuae.

201 4377 410 4386 ——--——

234 4498 253 4550 l.
270 4501 388 4549 Domino
408 4500 519 4561 liuponi
538 4499 573 4548 de
592 4497 731 4547 Hazardt‘s
753 4499 876 4548 Tellena·
896 4500 1020 4560 episcopo
1036 4499 1062 4546 at
1075 4497 1168 4544 eotrtiti
1182 4494 1303 4543 Jouaoes
1317 4495 1368 4543 Bo·

199 4575 276 4620 sinas
290 4571 484 4622 Sadducarr'as.
