3330 5460
793 573 968 643 ..30-

302 845 372 911 Lm.
402 846 464 908 VI.
493 880 538 890 -
568 847 675 907 Sancto
703 848 826 908 Nicoluo
854 851 1004 925 profectas
1032 849 1162 908 battutas
1194 849 1277 924 opud
1304 847 1468 908 turvillam

346 957 477 1016 conserit
496 971 646 1032 pstquam.
670 955 754 1031 Fupu
777 964 803 1015 et
827 955 917 1015 cades
940 955 1188 1032 Burquudorum.
1213 954 1312 1014 Caroli
1333 971 1416 1013 mors
1440 962 1469 1012 et

343 1061 511 1138 sepultura.

346 1254 387 1314 In
410 1252 473 1314 hoc
496 1261 662 1332 postremo
685 1251 772 1313 libro
797 1252 929 1313 tandem
947 1252 988 1312 ad
1009 1259 1162 1313 eventum
1187 1251 1318 1312 festinat
1334 1252 1467 1333 Petrus,

301 1360 359 1438 qui
383 1359 540 1421 hacteuus
566 1358 663 1437 quasi
687 1375 746 1436 per
768 1357 872 1419 otium
891 1376 943 1418 res
967 1357 1143 1420 evolverat.
1169 1360 1299 1435 Agmen
1324 1358 1358 1419 in
1383 1375 1467 1437 pago

301 1465 420 1528 Sancto
442 1464 581 1527 Nicolao
602 1467 642 1527 de
667 1464 766 1525 Portu
791 1471 1024 1544 congregatum
1047 1467 1081 1527 in
1103 1474 1169 1528 tres
1189 1472 1298 1545 partes
1318 1466 1468 1526 Renatus

299 1571 481 1649 distribuit,
498 1570 688 1649 multosque
705 1588 804 1632 sacrae
821 1570 953 1632 militiae
969 1572 1067 1634 donat
1080 1589 1227 1633 munere.
1246 1572 1330 1633 'lum
1345 1570 1468 1632 Helve-

301 1679 423 1740 tiorum
439 1678 553 1738 ductor
566 1676 751 1738 Hertherus
776 1677 905 1739 fervida
931 1677 1154 1740 exhortatione
1170 1678 1297 1740 milites
1322 1693 1398 1739 suos
1423 1676 1468 1738 ad

299 1783 452 1864 pralium
467 1784 628 1845 accendit.
646 1781 787 1845 Carolus
804 1793 912 1845 autem
934 1785 1109 1864 periniquo
1129 1784 1239 1845 animo
1259 1783 1366 1845 ferens
1387 1800 1467 1862 pou·

301 1901 366 1965 tem
390 1889 431 1951 ad
457 1887 615 1951 Sanctum
635 1889 823 1972 Nicolaum,
850 1890 966 1952 multis
990 1892 1110 1953 occisis
1129 1890 1337 1969 Burgundio,
1363 1908 1382 1951 a
1404 1889 1467 1951 Lo·

300 1996 463 2073 thuringis
482 2004 677 2075 occupatum
693 2014 776 2075 esse,
794 2004 890 2059 nocte
915 2006 1019 2058 castra
1042 1996 1165 2076 linquit
1187 1997 1326 2058 insidias
1345 1997 1468 2058 Renati

303 2103 464 2164 exercunt
483 2111 680 2164 structurus.
698 2102 786 2164 Dum
799 2103 946 2165 furvillae
962 2104 1027 2166 iter
1044 2102 1177 2165 bellicis
1192 2103 1362 2164 tormentis
1377 2103 1468 2164 clau·

301 2209 361 2290 dit,
376 2207 600 2269 Nanceienses
617 2227 654 2269 ex
671 2209 790 2289 oppido
806 2219 982 2290 erumpunt
998 2218 1028 2272 et
1045 2210 1300 2287 Burgundorum
1314 2209 1468 2272 tentoriis

302 2316 451 2377 flammas
475 2315 642 2394 injiciunt,
668 2315 783 2392 procul
805 2315 989 2377 collucente
1011 2317 1177 2379 incendio.
1200 2317 1270 2377 Hoc
1291 2315 1363 2379 loco
1387 2333 1468 2379 enu-

302 2433 403 2485 merat
422 2431 535 2484 noster
548 2424 649 2485 duces
664 2423 784 2502 quibus
807 2424 941 2502 stipatus
964 2431 1031 2484 erat
1053 2423 1118 2484 dux
1142 2422 1378 2503 Letharingiae,
1396 2423 1468 2502 ejus

304 2530 400 2608 signa
415 2539 446 2592 et
462 2529 593 2611 vexilla,
613 2530 782 2609 ipsiusque
798 2547 919 2609 equum
935 2536 966 2591 et
981 2547 1071 2590 arma
1082 2529 1250 2591 describit.
1263 2527 1346 2589 Tum
1357 2537 1469 2591 narrat

302 2655 366 2716 qua
381 2644 449 2697 arte
462 2636 585 2698 nivalis
600 2636 668 2698 diei
684 2636 959 2715 opportunitatem
982 2643 1106 2714 nactus,
1125 2635 1166 2696 ad
1186 2643 1334 2713 opertum
1353 2635 1467 2696 trami-

304 2751 369 2803 tem
400 2741 547 2803 Helvetii
579 2760 612 2804 se
635 2743 787 2803 flexerint
811 2750 843 2803 et
869 2760 888 2803 a
916 2743 1017 2805 latere
1046 2740 1243 2820 Burgundos
1266 2740 1374 2802 adorti
1399 2741 1468 2802 sint

301 2848 405 2910 Urani
432 2867 550 2910 conius
571 2849 699 2925 mugitu
722 2849 867 2910 territos.
886 2848 1044 2920 Quamvis
1066 2865 1144 2909 vero
1166 2847 1286 2908 acriter
1306 2854 1468 2926 repugnet

302 2953 452 3036 Carolus,
482 2963 555 3033 post
579 2962 669 3017 atrox
693 2963 724 3017 et
748 2955 846 3016 breve
868 2954 1032 3035 praelium,
1054 2960 1144 3031 terga
1165 2960 1291 3014 vertere
1316 2954 1465 3034 cogitur,

300 3061 379 3122 dum
402 3062 521 3136 ingens
543 3062 578 3122 sn
599 3061 855 3138 Burgundorum
877 3062 995 3124 caedes.
1020 3058 1085 3123 Sed
1105 3060 1175 3139 ipse
1194 3059 1276 3120 falso
1297 3060 1467 3137 aufugisse

301 3169 459 3250 creditur,
477 3177 587 3248 utpote
603 3169 661 3248 qui
676 3169 712 3228 in
727 3167 799 3231 loco
814 3169 871 3247 qui
886 3167 1064 3229 Viriletum
1081 3166 1265 3246 appellatur
1275 3167 1345 3246 jam
1358 3167 1468 3244 gelata

300 3277 421 3357 palude
452 3276 621 3336 demersus
647 3276 769 3355 jaceat,
802 3274 888 3337 nulli
916 3274 1070 3352 deinceps
1099 3272 1337 3334 formidandus.
1366 3273 1468 3336 Ridet
1539 3339 1540 3344 ,

300 3383 445 3444 Fortuna
471 3391 536 3443 tam
560 3383 786 3444 miserandum
812 3383 953 3461 exitum,
981 3379 1038 3441 sed
1061 3379 1217 3442 morienti
1239 3380 1315 3442 duci
1340 3380 1467 3442 assistit

301 3490 432 3550 Mavors
448 3497 479 3549 et
494 3490 565 3569 ejus
581 3498 725 3550 mentem
740 3489 840 3565 longa
855 3487 1001 3548 oratione
1018 3486 1123 3548 lenire
1143 3494 1174 3546 et
1195 3486 1357 3548 consolari
1371 3503 1467 3548 cona·

300 3601 365 3655 tur.
377 3626 420 3636 -
437 3592 566 3665 Quanta
577 3612 653 3656 vero
663 3594 778 3655 laetitia
793 3612 831 3655 ex
846 3593 952 3656 hostis
962 3592 1112 3653 faucibus
1123 3593 1227 3672 erepti
1244 3592 1468 3654 Nanceienses
1515 3625 1518 3629 ·

303 3698 487 3763 exsultanti
516 3701 620 3774 Quam
643 3708 733 3779 grato
757 3701 868 3762 auimo
892 3699 1109 3779 omnipotenti
1132 3699 1201 3761 Deo
1226 3699 1372 3761 Renatus
1393 3706 1469 3760 vota

301 3807 423 3868 solvit!
445 3807 557 3869 Tbure
578 3807 691 3869 omnes
716 3825 779 3869 ara
799 3806 959 3888 redolent,
980 3806 1182 3885 triumphum
1200 3812 1264 3868 tota
1278 3807 1356 3868 urbs
1371 3821 1468 3882 agere

304 3913 444 3974 videtur.
463 3912 592 3974 Deinde
608 3913 670 3975 dux
684 3913 778 3991 jubet
792 3913 923 3975 humari
942 3912 1087 3976 hostium
1107 3913 1275 3992 cadavera,
1293 3913 1380 3973 inter
1394 3929 1468 3991 quae

303 4017 551 4097 Rubentisprati
576 4036 691 4098 corpus
714 4020 877 4100 reperitur
904 4021 944 4081 ab
964 4019 1045 4098 ipsis
1065 4019 1275 4096 Lolliaringis
1300 4019 1466 4080 defletum.

303 4121 505 4185 Credebatur
531 4133 639 4186 tamen
664 4126 703 4187 de
727 4127 843 4205 praelio
859 4126 1026 4203 defugisse
1052 4125 1201 4207 Carolus,
1218 4126 1322 4187 donec
1347 4125 1470 4187 mulier

300 4233 451 4310 quaedam
469 4233 568 4295 certis
585 4233 720 4294 indiciis
736 4234 806 4313 ejus
821 4232 958 4295 cadaver
971 4240 1174 4309 agnosceret.
1191 4232 1304 4292 Refert
1317 4231 1395 4292 inde
1406 4231 1470 4293 Pe·

301 4346 372 4400 trus
394 4341 558 4419 quomodo
583 4341 713 4402 inimici
738 4341 788 4402 sui
813 4357 930 4418 corpus
955 4339 990 4399 in
1013 4340 1127 4401 urbem
1151 4338 1296 4400 delatum
1320 4339 1468 4401 Renatus

302 4445 479 4508 lacrimans
508 4447 746 4526 contemplatus
776 4446 819 4507 sit
849 4455 880 4507 et
904 4446 976 4526 ejus
999 4446 1035 4507 in
1059 4446 1162 4507 sancti
1187 4445 1322 4522 Georgii
1348 4444 1467 4524 templo

302 4553 475 4629 exsequias
497 4553 670 4629 magnifiee
696 4551 921 4634 celebraverit,
939 4551 1081 4632 denique
1106 4550 1383 4627 Lotbariugorum
1408 4551 1467 4612 dn·
