3306 5468
650 554 849 623 --lllm

195 699 293 761 Nihil
308 717 384 762 veru
400 699 573 762 obscurius
588 707 621 761 et
635 700 817 770 tortuosiuu
833 710 863 783 pt
878 702 984 780 magis
999 701 1192 780 ambagibus
1207 700 1319 780 impli-

151 813 260 869 catum
289 805 461 885 concipere
492 807 599 884 possis
630 824 730 886 quam
759 825 840 887 opus
872 808 960 888 quod
984 824 1081 886 prosa
1110 808 1257 868 oratione
1288 816 1320 869 et

150 913 298 975 versibus
313 913 454 975 mixtum
468 911 508 974 de
526 912 638 976 Caroli
654 914 792 975 interitu
805 913 825 974 J
828 931 950 987 oannes
966 916 1086 975 Motiaet
1101 914 1262 975 condidit.
1279 913 1320 974 In

150 1036 226 1102 qno,
242 1021 413 1098 quamvis:
433 1022 467 1082 Le
494 1023 621 1099 Trespus
638 1021 680 1080 du
693 1021 752 1082 duc
766 1023 891 1089 chortes
906 1022 1103 1100 inscriptum
1118 1021 1171 1100 sit,
1190 1020 1319 1082 nullam

150 1126 219 1188 fere
240 1144 311 1188 rem
332 1125 484 1188 invenias
504 1143 577 1205 quae
600 1133 688 1189 certa
708 1134 739 1188 et
758 1127 895 1193 definita
911 1127 967 1193 uit.
988 1126 1111 1189 Omnia
1132 1127 1272 1206 figurata
1288 1135 1320 1190 et

149 1233 304 1309 ambigue
318 1231 484 1312 expressa.
507 1234 630 1298 Arbori
652 1234 780 1296 scilicet
800 1252 945 1314 procerte
964 1234 1096 1299 cuidam
1112 1242 1320 1313 comparatur

149 1339 353 1419 Burgundiae
368 1339 506 1402 domus:

194 1529 206 1557 ‹
221 1505 281 1579 N’y
296 1525 315 1561 a
324 1525 380 1578 pas
393 1508 444 1561 dia
458 1527 509 1563 unc
523 1525 576 1580 que
589 1527 626 1563 uu
640 1513 695 1562 trec
705 1484 860 1579 fructuum
874 1515 900 1564 ct
913 1510 1026 1580 opulcut
1038 1508 1165 1579 vtqnoote
1180 1508 1213 1562 de
1226 1508 1319 1562 Bour-

154 1625 167 1652 ‹
180 1620 288 1675 pompae
299 1604 453 1674 fleurt'ssoit
466 1623 504 1659 un
516 1623 582 1676 proc
597 1606 680 1660 arbre
694 1605 729 1660 dc
743 1606 859 1660 mirable
872 1607 1002 1676 altitudo,
1014 1603 1075 1677 fort
1094 1604 1180 1659 aornd
1199 1605 1233 1658 de
1247 1603 1320 1674 prc-

154 1721 167 1749 ‹
183 1701 285 1755 cietuec
298 1708 392 1756 certus
395 1744 484 1760 .....
508 1724 520 1751 ›
1285 1711 1289 1715 ’

197 1860 263 1924 Sed
279 1862 468 1925 invidentes
488 1863 536 1925 dii
549 1863 636 1924 hanc
655 1863 822 1925 mirabilis
844 1862 1032 1924 altitudinis
1051 1861 1202 1924 arborem
1223 1860 1319 1924 Marti

151 1968 373 2049 dejiciendam
388 1970 529 2052 tradunt,
544 1970 643 2049 ctrJ'us
657 1969 752 2031 humi
767 1969 909 2050 jacentis
929 1969 974 2030 ita
988 1970 1092 2030 fatum
1107 1967 1316 2048 deploratur:

365 2135 408 2206 Cy
419 2138 475 2208 piat
490 2136 519 2190 lu
528 2135 603 2206 fleur
617 2139 655 2192 du
670 2140 753 2207 νομαὶ
763 2143 932 2208 pareatum,

362 2235 484 2288 L'arbrc
497 2234 657 2303 d’ltonrtcur,
675 2235 709 2288 de
722 2242 802 2290 verta
816 2237 841 2289 lc
850 2236 997 2306 plunthc,

363 2332 504 2386 L'crdcut
517 2332 661 2399 reincourt,
675 2333 781 2403 l'ecprit
794 2333 828 2386 de
842 2333 922 2386 bault
932 2332 1095 2403 prdieadre,

368 2429 431 2499 Qud,
446 2448 501 2484 aon
515 2437 622 2484 content
637 2431 672 2484 cle
684 2448 734 2485 son
743 2448 849 2501 propre
862 2429 999 2501 berduys,

368 2529 483 2601 Gaipau
498 2531 527 2583 lu
541 2536 611 2584 mort
622 2547 696 2600 pour
708 2547 758 2598 soy
773 2535 835 2599 trop
850 2529 915 2598 lonq
928 2528 1064 2582 estendrc.

364 2726 455 2779 Arbre
469 2726 582 2793 bonoisi,
599 2725 646 2794 cis
655 2730 744 2794 catocq
756 2723 897 2794 plorieuoe,

365 2823 456 2876 Trono
467 2823 599 2892 prccieua
608 2821 682 2892 parc
697 2822 731 2874 de
744 2821 813 2874 cord
825 2837 953 2891 cornupe,

367 2920 426 2973 Tou
440 2920 520 2974 noble
527 2920 619 2989 fruict
633 2925 672 2973 est
686 2924 747 2972 tunt
755 2918 820 2987 fort
831 2918 979 2989 precisum,

366 3018 440 3071 Tuut
453 3023 614 3087 comptucucc
627 3033 678 3087 que
693 3023 753 3070 tous
767 3016 980 3083 claudicarem,

365 3114 472 3182 Prona,
486 3114 648 3188 aulcorata,
666 3118 692 3166 te
705 3113 815 3167 doivent
823 3112 904 3181 faire
916 3112 1072 3181 hommuqe.

363 3310 433 3363 Puo
446 3326 508 3362 vers
521 3308 628 3377 supina,
644 3307 733 3360 baula
747 3305 839 3360 cbdrea
855 3311 881 3360 et
894 3303 993 3375 cyprio

369 3405 425 3467 Qui
436 3411 497 3459 cont
509 3423 542 3475 cy
552 3403 620 3475 prce
633 3421 666 3458 tte
680 3409 741 3457 sont
755 3422 805 3475 que
819 3405 898 3474 leupo
907 3402 986 3471 sclua

365 3504 474 3574 Auprdc
488 3504 521 3556 de
533 3504 574 3557 toi
586 3503 635 3571 qui
648 3503 768 3555 embcllis
782 3519 825 3554 sec
837 3501 903 3571 prce
919 3501 940 3556 ¹.

199 3666 301 3728 Plura
315 3665 497 3727 exscribere
513 3663 723 3742 supersedeo,
739 3679 814 3724 cum
830 3661 910 3723 satis
927 3678 966 3722 ex
982 3658 1025 3720 iis
1046 3660 1197 3720 versibus
1213 3658 1320 3719 mani-

154 3775 273 3838 festum
289 3775 331 3836 sit
346 3784 504 3853 quantum
522 3772 694 3832 inanitatis
712 3779 744 3832 et
759 3771 836 3832 vani
851 3771 970 3831 habeat
989 3768 1057 3829 baec
1073 3768 1201 3829 tumida
1212 3766 1321 3828 decla-

156 3883 269 3944 matio.
285 3880 348 3941 His
366 3880 520 3941 omnibus
535 3876 738 3939 carminibus
758 3878 959 3955 superiorem
975 3874 1118 3936 evasisse
1138 3873 1320 3936 Nuuceidcm

123 3998 125 4002 ’
155 3989 265 4068 facile,
281 3994 318 4050 ut
332 3987 484 4065 arbitror,
502 3984 712 4046 concedetur.

201 4095 287 4158 Cum
309 4113 385 4157 vero
407 4094 449 4155 ad
472 4110 527 4154 eos
550 4092 726 4170 scriptores
745 4091 875 4152 veneris
894 4091 952 4169 qni
976 4090 1084 4152 soluta
1105 4089 1254 4152 oratione
1270 4106 1322 4148 res

159 4291 369 4301 ———-

192 4416 213 4466 l.
229 4419 276 4466 Lus
294 4419 384 4466 Fatela
402 4419 428 4466 ct
446 4416 516 4465 diets
533 4417 655 4478 ropuulu
672 4415 707 4464 dc
721 4412 776 4476 fou
790 4414 825 4462 ctu
841 4413 929 4461 bonne
948 4415 1080 4461 mcnwtrc
1099 4412 1213 4461 maistre
1227 4407 1317 4457 lehun

157 4490 281 4550 Molittet,
295 4489 444 4537 coartabant
457 4488 598 4550 plusieurs
613 4486 714 4536 bcuztln
732 4487 858 4546 traintem
873 4485 998 4533 croiacus
1014 4484 1040 4531 ct
1055 4481 1166 4544 cltumps
1186 4480 1317 4542 royuulx.

160 4558 245 4619 Puris,
264 4558 330 4617 1540,
346 4571 373 4621 p.
389 4559 419 4608 66
433 4557 449 4606 d
464 4557 504 4608 77.
