3306 5468
742 593 781 604 ...
806 550 847 618 17
871 590 915 601 ..-

401 696 404 701 ’
452 691 491 744 Ε1
504 691 566 745 fera
579 691 755 761 magnanimi
770 693 900 748 cecinisti
913 693 990 748 bella
1004 692 1120 762 Renati,

488 788 612 860 Ipsaque
626 787 777 860 Burgundi
791 791 866 846 colla
878 791 999 847 subacta
1013 791 1104 850 ducis

449 886 592 942 Conditor
605 885 653 940 hic
668 904 786 957 corpus,
803 906 882 944 mens
898 890 984 944 celita
997 906 1087 960 regna
1100 889 1211 961 petivit,

487 984 526 1039 Et
540 985 617 1040 vivet
630 1002 735 1040 nomen
749 991 862 1057 tempus
874 986 904 1039 in
919 1003 1001 1042 omne
1015 993 1106 1044 tuum.

252 1168 356 1250 Cujus
371 1171 533 1250 poematis
549 1171 781 1234 conscribendi
790 1190 854 1251 quo
869 1191 954 1235 anno
970 1180 1083 1235 noster
1100 1172 1278 1235 consilium
1292 1173 1414 1252 ceperit

248 1277 410 1338 incertum
427 1285 485 1357 est,
509 1278 544 1337 in
565 1294 629 1356 quo
646 1268 843 1340 absolvendo
862 1280 986 1341 multos
1007 1281 1080 1341 sine
1095 1279 1194 1341 dubio
1213 1296 1316 1340 annos
1337 1295 1411 1341 con·

248 1386 399 1463 sumpsit.
418 1382 487 1445 Nec
503 1385 608 1460 magis
629 1384 664 1443 in
684 1395 793 1462 aperto
813 1393 862 1447 est
881 1395 990 1446 utrum
1009 1393 1124 1465 sponte
1144 1386 1252 1447 studia
1271 1386 1307 1447 16
1327 1387 1411 1448 Ν66-

248 1493 327 1551 aeide
348 1491 506 1568 posuerit,
532 1489 574 1552 an
598 1490 787 1553 adhortanti
808 1492 946 1562 Renato,
971 1493 1085 1568 gloriae
1105 1510 1172 1554 suae
1194 1492 1410 1571 propagandas

248 1596 477 1676 cupidissimo,
487 1597 643 1674 paruerit.
656 1597 743 1658 Huic
753 1599 884 1676 incepto
896 1606 982 1659 certe
993 1615 1155 1678 propenso
1166 1598 1276 1659 animo
1292 1598 1411 1660 lavisse

248 1702 472 1780 Lotharingiae
488 1702 604 1763 ducem
618 1702 841 1764 indubitatum
857 1704 937 1765 facit
953 1703 1106 1785 libellus,
1124 1711 1256 1766 auctore
1271 1704 1408 1786 Renato,

248 1827 267 1869 6
282 1805 488 1889 Christiane,
501 1808 571 1887 ejus
587 1809 627 1868 ah
643 1808 796 1887 epistulis
811 1810 916 1871 scriba
928 1817 1087 1889 exaratus,
1098 1810 1240 1871 recentis
1255 1809 1411 1871 adversus

248 1913 445 1991 Burgundos
468 1907 550 1975 belli
574 1915 708 1976 brevem
730 1918 1075 1979 commemorationem
1098 1916 1330 1996 complectens,
1348 1935 1412 1994 qua

248 2016 287 2082 de
299 2020 470 2083 nonnullis
481 2021 577 2082 lactis
588 2029 619 2081 et
630 2021 794 2102 adJ'unctis
806 2024 925 2084 certior
932 2023 1025 2085 lieret
1036 2021 1160 2103 poeta¹.
1174 2023 1212 2083 In
1227 2021 1411 2084 fabularum

247 2143 384 2187 numero
413 2127 638 2215 reponendum
666 2126 806 2188 arbitror
827 2129 926 2208 quod,
952 2125 1107 2190 Cheorter²
1136 2135 1280 2207 auclore,
1310 2128 1411 2190 refert

248 2230 284 2293 l).
301 2230 445 2315 Culuret³,
463 2233 611 2311 quinque
625 2251 728 2295 annos
743 2253 762 2294 a
777 2242 887 2296 666116
904 2236 1092 2312 absumptos
1108 2251 1179 2295 esse
1197 2235 1410 2310 excogitando

247 2341 407 2416 poematis
423 2340 476 2400 aui
492 2339 601 2420 titulo,
618 2358 716 2419 quem
733 2358 808 2402 cum
822 2342 998 2420 reperisset
1013 2342 1080 2402 lere
1096 2344 1217 2404 AEneidi
1229 2358 1409 2402 consonan-

246 2454 327 2526 tem,
349 2464 477 2508 summa
494 2446 610 2508 16611116
623 2448 780 2529 gestiens,
800 2457 870 2509 tum
886 2448 1018 2509 demum
1034 2449 1125 2527 operi
1141 2466 1176 2509 se
1200 2448 1407 2511 accinxisset.

248 2552 328 2627 Quis
353 2561 402 2614 est
426 2553 515 2614 enim
537 2570 635 2631 quem
658 2551 752 2613 fallat
773 2553 863 2615 haud
889 2554 970 2614 tanti
990 2553 1177 2615 molimenti
1198 2553 1302 2614 luisse
1325 2553 1409 2614 hanc

248 2659 501 2736 inscriptionem
516 2660 680 2741 invenire,
698 2677 786 2739 cum,
803 2660 945 2740 exempli
962 2678 1071 2741 causa,
1090 2660 1184 2721 Statii
1203 2662 1326 2722 Thebais
1337 2660 1409 2738 pari

245 2766 343 2826 modo
358 2766 548 2847 ahobsessa
560 2766 641 2828 urhe
657 2765 817 2845 appellata
830 2777 941 2828 nostro
957 2766 992 2826 iu
1008 2775 1159 2845 promptu
1176 2762 1290 2828 esset?
1313 2765 1408 2828 Com·

244 2882 374 2954 pertum
389 2873 504 2936 saltem
518 2873 677 2935 hahemus
698 2880 729 2934 61
747 2872 974 2952 componendo
994 2880 1025 2935 61
1047 2872 1251 2934 emendando
1265 2873 1408 2953 poemati

277 3336 296 3385 l.
315 3353 325 3381 1
341 3334 381 3384 La
394 3348 476 3399 vraye
491 3332 664 3384 Declaration
679 3334 728 3384 des
743 3334 804 3383 16116
820 3341 846 3384 61
861 3333 989 3383 conduite
1005 3333 1039 3382 de
1054 3332 1079 3382 16
1092 3331 1200 3383 hataills
1211 3331 1243 3380 de
1258 3328 1361 3394 Nancy,
1373 3329 1407 3382 oh

243 3407 294 3457 «16
309 3406 368 3469 Roy
387 3404 465 3455 Rene
480 3407 521 3454 lut
541 3405 691 3455 victorinux
706 3410 799 3455 666116
818 3405 938 3463 Charias,
956 3404 1009 3454 duc
1028 3403 1062 3453 de
1082 3403 1272 3467 Bourgongne,
1288 3415 1323 3451 en
1339 3402 1407 3461 1176,

244 3475 382 3527 «dressed
399 3490 448 3540 661
471 3475 608 3534 chronon,
632 3473 778 3525 6661616116
800 3469 877 3525 dudit
899 3474 1032 3538 Seigneur
1054 3480 1081 3524 61
1102 3474 1136 3524 de
1155 3487 1205 3523 666
1224 3473 1406 3531 6616666666,

244 3567 253 3594 a
271 3546 378 3597 donnae
393 3547 532 3597 6111616116
548 3547 642 3600 Picrre
660 3547 694 3596 de
709 3546 800 3604 Blera,
816 3546 949 3596 ohanoine
964 3545 998 3595 de
1014 3545 1177 3608 Salat-Diey‚
1194 3544 1266 3609 quia
1280 3542 1407 3608 66616666

243 3638 253 3664 n
269 3619 293 3669 16
309 3620 375 3669 livre
390 3617 487 3683 appele
498 3618 537 3668 les
551 3618 721 3680 1166666661.
735 3634 744 3662 l
763 3617 841 3667 1111116
851 3632 865 3667 6
877 3621 946 3667 Dum
964 3617 1407 3678 666161111666616611161666

240 3692 434 3743 6616116166.
450 3694 467 3739 t.
484 3689 545 3750 VII,
562 3689 612 3738 col.
630 3688 671 3739 151
689 3687 793 3754 1115711.
809 3689 914 3740 Rursus
929 3689 1061 3752 impressa
1080 3701 1096 3736 6
1117 3690 1220 3751 Capora,
1242 3700 1304 3736 oum
1318 3686 1406 3736 libello

240 3762 370 3826 inscripto
387 3778 392 3810 :
416 3761 572 3824 chronique
591 3774 626 3810 ou
646 3761 782 3823 1116166166
802 3763 878 3809 entre
895 3760 1016 3809 loannes
1032 3759 1132 3808 Ludat
1150 3758 1288 3807 Chrcttca.
1303 3755 1405 3824 Nancy,

241 3833 309 3884 1811.

270 3904 301 3953 16
321 3904 372 3953 hac
393 3903 511 3953 editione
537 3902 664 3968 quaedam
689 3915 750 3951 curn
773 3901 862 3966 priore
885 3900 1130 3951 dissimilitudinem
1153 3900 1263 3960 habent,
1288 3902 1314 3948 et
1335 3899 1408 3948 inter

239 3974 298 4033 6116,
318 3974 442 4038 opusculi
462 3973 565 4031 1116166,
581 3987 607 4036 6.
623 3973 653 4023 60
670 3990 675 4021 :
693 3990 703 4018 1
720 3973 758 4022 La
772 3986 853 4035 vraye
870 3971 1035 4022 declaration
1054 3971 1103 4021 des
1122 3971 1170 4019 1611
1189 3975 1217 4020 61
1231 3969 1356 4019 condicite
1372 3969 1406 4018 de

241 4065 251 4092 1
268 4045 293 4095 la
306 4045 413 4096 hataille
429 4045 463 4095 de
478 4044 580 4107 Nancy,
597 4044 630 4094 de
645 4044 760 4108 laquelle
775 4045 815 4092 lut
833 4048 998 4107 moyennant
1016 4041 1094 4092 l'aide
1116 4041 1149 4090 de
1171 4041 1241 4090 Dieu
1256 4041 1407 4090 victorieux

241 4131 251 4158 1
267 4114 292 4164 16
307 4117 353 4165 lou
366 4116 422 4167 hon
436 4111 484 4180 161
498 4115 584 4175 Rene,
600 4115 652 4165 due
667 4114 701 4164 de
715 4114 854 4173 Lorraine,
870 4128 933 4163 mon
947 4113 1091 4163 souverain
1108 4113 1244 4176 seigneur,
1261 4108 1405 4176 compasse

241 4203 251 4230 l
269 4198 317 4248 par
337 4186 378 4237 166
391 4184 535 4236 1661661166
556 4193 583 4236 61
600 4186 689 4236 billets
709 4186 742 4234 de
759 4184 910 4243 Chrestien,
926 4189 953 4233 et
972 4181 1319 4247 11661666166111661666,
1338 4181 1405 4230 1166

240 4273 251 4301 «
267 4255 348 4306 laissa
361 4270 410 4320 par
425 4256 597 4306 ordonnance
615 4256 693 4306 dudit
708 4257 836 4319 seigneur
850 4254 866 4304 6
880 4256 990 4305 maistre
1005 4253 1099 4303 Plerre
1115 4253 1149 4302 de
1165 4252 1255 4311 Elam,
1272 4251 1404 4301 611666166

242 4344 252 4372 1
270 4326 303 4376 de
326 4327 489 4392 Salat-DIsy,
511 4328 628 4378 certains
649 4326 758 4378 articles
776 4341 823 4376 sur
841 4326 960 4391 lesquels
979 4339 1014 4375 on
1035 4324 1074 4374 dit
1094 4323 1161 4373 ledit
1181 4323 1290 4372 maistre
1311 4321 1404 4372 Pierre

242 4416 251 4442 1
270 4399 344 4448 61611
358 4399 406 4448 fait
419 4412 472 4448 une
488 4399 647 4463 chronique.
665 4416 675 4443 1

270 4469 294 4519 2.
310 4471 432 4521 Histoire
446 4471 481 4520 de
495 4473 639 4533 Lorror'uc,
655 4474 674 4518 t.
690 4469 764 4528 VIII,
780 4483 806 4533 p.
822 4469 862 4519 38.

271 4541 295 4590 3.
311 4539 431 4604 Epistola
445 4540 479 4590 ad
493 4539 518 4590 1,
535 4539 648 4599 (lusson,
663 4539 874 4591 MDCCXXVII.
914 4605 916 4610 Ι

345 4651 378 4680 DF,
392 4649 525 4683 nanctum.
