3306 5468
699 1078 849 1142 CAPUT
873 1077 921 1140 IV

263 1297 399 1358 QUIBUS
427 1296 573 1347 AETATIS
605 1294 687 1346 811AE
715 1296 829 1346 VITIIS
859 1295 1004 1346 PETRUS
1036 1295 1084 1345 DE
1114 1294 1235 1346 BLARO
1268 1295 1361 1346 RIVO

289 1429 528 1481 INDULSERIT.
560 1448 613 1460 -
636 1428 683 1479 DE
711 1426 865 1480 DICENDI
894 1428 1024 1479 FORMA
1054 1426 1093 1478 ΙΝ
1122 1426 1328 1480 Nthnlnn.

271 2221 347 2282 Jam
374 2229 494 2301 praeter
520 2221 656 2284 modum
683 2223 794 2285 forsan
818 2238 891 2300 quae
915 2219 952 2281 in
974 2220 1126 2283 Noncet'de
1149 2221 1321 2283 notatione
1343 2221 1399 2284 vel

228 2327 325 2390 laude
345 2328 445 2406 digna
465 2328 609 2390 inveniri
628 2329 754 2407 possint
774 2327 1025 2390 edisseruimus.
1049 2327 1179 2407 Saepius
1198 2345 1275 2392 vero
1293 2329 1399 2391 offen-

229 2434 339 2497 dimus
362 2453 438 2497 cnm
460 2436 496 2496 in
520 2436 639 2498 vitiose
663 2436 814 2515 quaedam
839 2434 892 2496 vel
917 2436 1027 2513 inepte
1051 2435 1242 2518 excogitata,
1270 2444 1339 2497 tum
1362 2437 1400 2497 in

230 2564 245 2592 κ
263 2540 350 2602 male
365 2548 510 2603 tornatos
529 2565 543 2594 »
564 2548 595 2602 et
612 2566 628 2598 α
644 2557 854 2618 magnacum
873 2534 1016 2618 pondere
1031 2539 1151 2602 missos
1170 2565 1185 2594 ι
1203 2558 1329 2603 versus.
1348 2541 1400 2603 De

228 2646 348 2723 quihus
357 2647 463 2708 nostri
479 2648 621 2727 mendis,
639 2647 758 2726 quihus
774 2653 890 2728 totum,
903 2647 998 2724 quasi
1014 2646 1167 2727 maculis,
1184 2662 1400 2726 conspersum

229 2762 277 2814 est
291 2769 417 2833 poema,
435 2753 601 2832 copiosius
616 2754 781 2833 disputare
797 2770 931 2832 aequum
945 2759 1007 2814 est.

273 2857 416 2918 Habenti
437 2858 571 2937 quidem
593 2866 669 2921 ante
691 2859 804 2920 oculos
828 2877 891 2939 quo
916 2865 1063 2938 tempore
1089 2858 1208 2922 Petrus
1231 2860 1272 2921 de
1297 2859 1402 2924 Blaro

228 2962 313 3026 Rivo
338 2965 507 3044 scripserit
535 2981 600 3026 non
630 2964 783 3027 mirabile
806 2965 976 3028 videbitur
1000 2966 1102 3028 nimis
1126 2965 1231 3028 multa
1253 2968 1403 3046 corrupti

224 3070 343 3148 judicii
359 3070 502 3149 vestigia
516 3072 552 3131 in
567 3072 718 3134 Noaceide
734 3089 918 3134 occurrere.
932 3073 1039 3135 Immo
1049 3075 1195 3152 portenti
1210 3073 1283 3135 loco
1297 3073 1402 3138 hahe-

228 3196 338 3238 remns
359 3197 436 3240 eum
456 3179 651 3256 contagione
675 3178 886 3257 illepidarnm
910 3179 1117 3262 facetiarum,
1134 3179 1240 3242 inflati
1263 3179 1403 3244 dicendi

227 3284 370 3364 generis,
388 3284 510 3362 putidae
528 3293 560 3346 et
574 3283 715 3363 puerilis
730 3283 914 3365 futilitatis,
932 3302 1004 3363 quae
1027 3285 1064 3346 in
1084 3285 1146 3348 hac
1169 3294 1263 3348 aetate
1284 3289 1402 3350 saevie·

227 3388 317 3470 hant,
333 3390 495 3453 intactum
508 3390 719 3454 remansisse.

271 3496 359 3556 Ante
374 3496 486 3558 omnia
500 3497 537 3557 in
551 3496 827 3575 vituperationem
849 3497 970 3559 cadunt
992 3496 1175 3560 litterarum
1198 3497 1403 3563 mutationes

228 3618 300 3679 quae
319 3601 509 3680 ambiguam
529 3603 638 3664 verbis
661 3603 939 3680 significationem
954 3603 1105 3682 alligant.
1129 3591 1271 3680 Quoties⁸
1283 3605 1320 3666 in
1334 3605 1403 3671 hoc

227 3707 326 3769 verbo
345 3726 352 3767 :
369 3711 500 3770 Reootua
515 3707 601 3771 ludit
617 3706 744 3771 noster!

268 3889 314 3950 cf.
329 3893 436 3962 Noae,
452 3894 478 3966 1,
493 3912 522 3952 v.
540 3895 598 3949 310
615 3910 622 3950 :
644 3937 987 3955 ...........
1008 3898 1146 3968 Renottts,

494 3990 550 4046 Sed
563 3993 612 4046 viae
625 3998 707 4046 actuo
722 3992 829 4052 adhuc.

207 4151 210 4156 ⁴
266 4104 320 4175 IV,
336 4122 365 4164 V.
383 4104 438 4160 301
458 4125 465 4159 ε
488 4147 996 4169 ................
1016 4110 1157 4165 Raecium

479 4204 534 4260 His
548 4210 608 4260 tete
622 4207 758 4261 ostendas
773 4207 823 4278 qui
837 4211 921 4261 terrae
936 4206 968 4260 in
982 4208 1094 4262 viscera
1107 4207 1185 4263 falso

480 4301 523 4356 'l'e
537 4301 675 4358 cecidisse
690 4309 806 4373 putant.

266 4415 353 4484 Icto„
368 4433 397 4473 v.
416 4417 473 4471 305
491 4437 498 4471 :
522 4459 832 4476 ..........
852 4417 1004 4490 redituque
1018 4437 1163 4474 renascere
1178 4420 1273 4479 nobis.

264 4529 302 4602 V,
319 4550 347 4588 v.
363 4532 420 4585 269
439 4550 445 4584 ε
463 4531 500 4585 Et
513 4549 565 4587 vos
579 4537 649 4586 tunc
664 4533 725 4587 sine
740 4550 771 4586 re
787 4549 890 4588 nomen
905 4533 997 4590 ridete
1013 4535 1129 4594 Renoti.
