3306 5468
730 560 839 651 -.59
862 601 906 611 -

452 706 591 764 Hostibus
606 708 732 779 exponit,
748 708 808 779 qui,
826 707 956 780 quemvis
968 707 1066 778 praeda
1080 705 1197 776 gulosos

452 804 559 860 Invitet
571 803 698 872 latitans,
716 810 876 860 metuentes
891 804 1009 859 naribus
1023 821 1074 858 ors

451 902 529 956 Hine
541 901 703 957 retrahunt.
720 899 790 964 Quis
805 903 867 957 sela
881 907 964 974 putat
977 902 1032 956 sibi
1045 901 1166 957 vulnera
1180 899 1285 955 lucro?

452 999 595 1070 Prospicit
608 1017 676 1071 ergo
691 1017 793 1053 canum
808 1001 893 1055 turba
906 1001 969 1055 haec
985 999 1051 1068 sibi,
1068 1004 1096 1053 et
1110 999 1178 1053 inde
1192 997 1298 1053 reverti

452 1093 610 1150 Consilium
624 1100 677 1163 est,
691 1096 868 1167 ringentque
882 1097 994 1166 procul,
1011 1096 1175 1164 lutrsntque
1188 1094 1316 1148 remissis

452 1190 533 1247 Inter
547 1209 632 1246 crure
646 1199 724 1247 metu
739 1193 850 1265 caudis,
865 1193 979 1264 lusique
992 1193 1140 1248 recedunt.

284 1343 378 1404 Hauc
392 1360 521 1423 quoqne
537 1342 795 1404 similitudinem
811 1343 970 1423 excipiam
983 1344 1023 1405 ab
1039 1341 1180 1421 aucupio
1196 1342 1400 1423 translatam,

128 1471 130 1476 ·
240 1450 295 1513 cui
308 1450 493 1512 venationis
514 1451 629 1527 generi
649 1448 870 1511 libentissime
890 1457 1040 1512 nostrum
1058 1448 1239 1512 indulsisse
1260 1457 1401 1529 apparet.

240 1556 281 1616 ln
295 1557 371 1619 nive
387 1564 418 1618 et
432 1573 523 1618 caeno
545 1555 767 1617 inhaerescens
790 1555 902 1618 Caroli
924 1574 1028 1636 equus
1048 1556 1174 1634 passeri
1198 1562 1404 1636 comparatur

240 1663 297 1741 qui
311 1663 400 1724 visco
415 1660 565 1738 illigatus
583 1670 633 1722 est
651 1682 658 1722 :

279 1829 384 1899 Nono„
401 1828 455 1897 VI,
471 1846 500 1884 v.
518 1829 598 1884 698:

400 1917 402 1922 ¹
452 1925 500 1982 Sic
514 1926 543 1980 in
556 1925 667 1982 viscato
681 1926 862 1994 passerculus
877 1926 980 1981 arbore
994 1926 1072 1981 visus

451 2025 504 2079 Est
517 2023 597 2092 mihi,
614 2042 679 2079 cum
693 2025 794 2079 redimi
808 2028 911 2096 tentat,
929 2025 1102 2080 contendere
1117 2031 1236 2095 captus3

452 2121 515 2186 Quo
530 2122 622 2194 magis
635 2121 683 2175 hio
697 2128 809 2192 pugnat
823 2123 936 2192 plumas
950 2122 1109 2187 absolvere,
1128 2139 1224 2177 crasso

417 2253 420 2259 -
449 2220 514 2295 Hoc
529 2220 620 2291 magis
634 2219 751 2275 intricat
764 2237 794 2274 se
809 2220 888 2275 visco
905 2225 934 2274 et
948 2226 1041 2274 rostra
1055 2221 1199 2291 pedesque

449 2317 592 2389 Implicst,
609 2318 762 2387 elususque
778 2333 865 2388 opere
879 2317 1027 2372 cruciatur
1040 2317 1130 2374 inani.

283 2479 358 2540 Jam
372 2479 505 2540 ineunte
521 2477 627 2558 primo
641 2477 727 2539 libro
741 2476 877 2556 planum
896 2478 974 2539 lacit
992 2485 1105 2540 uester
1124 2485 1324 2557 quantopere
1340 2478 1403 2540 hoc

239 2584 422 2646 venationis
437 2601 558 2662 genere
575 2583 753 2646 delectatus
770 2583 834 2644 sit:

344 2740 370 2808 I,
384 2757 413 2799 v.
427 2742 463 2796 76
479 2757 545 2810 sq.:

452 2837 526 2892 Tum
542 2838 600 2892 ruit
613 2836 752 2910 aligerum
767 2838 846 2893 visco
860 2854 952 2908 genus
967 2854 1049 2891 omne
1064 2836 1170 2894 tenaci.

451 2932 512 2989 Aut
524 2934 636 3005 laqueis
651 2934 752 3004 patriae
767 2941 817 2990 ant
833 2934 983 2989 scrobibus
991 2975 1098 2992 ......

451 3031 490 3086 Et
502 3031 569 3088 fisso
583 3037 715 3087 amentur
728 3032 833 3088 baculo
847 3032 919 3088 levis
933 3032 1010 3086 alitis
1025 3050 1146 3103 ungues,

450 3129 469 3184 ,J
472 3135 624 3184 uncturam
639 3130 706 3183 dum
718 3129 788 3184 fune
802 3131 880 3202 capit
894 3128 995 3186 fissura
1010 3130 1154 3197 restricto,

452 3225 526 3282 Cum
538 3227 583 3283 vir
596 3227 625 3282 in
640 3228 751 3283 insidiis
764 3234 879 3299 tempus
895 3229 967 3284 elam
981 3229 1076 3284 riserit
1091 3235 1200 3297 aptum,
1265 3241 1273 3256 ·

416 3331 418 3335 '
452 3325 564 3381 Tectus
575 3343 643 3381 sves
656 3327 743 3394 inter,
759 3343 831 3396 quas
846 3327 877 3380 in
891 3344 922 3382 se
935 3332 1076 3396 provocat
1090 3332 1188 3381 astans
1228 3326 1229 3330 ’

450 3422 594 3490 Noetuola
608 3430 636 3478 et
650 3425 733 3494 eujus
746 3441 847 3479 vocem
862 3424 999 3482 mentitur
1013 3432 1130 3494 opertus

451 3518 613 3574 Frondibus
624 3520 656 3574 in
669 3520 787 3591 specula
801 3522 897 3590 praedo
914 3521 965 3591 qui
978 3520 1076 3576 sibilat
1088 3520 1151 3589 illa,
1170 3537 1214 3591 sq.

285 3668 454 3759 Ceterum,
469 3657 638 3742 notatione
654 3680 792 3757 dignum
803 3682 946 3742 estleras
957 3696 1056 3760 prope
1069 3696 1182 3741 omnes
1198 3679 1404 3758 pecudesque

241 3801 321 3863 quas
335 3784 394 3846 alit
410 3783 636 3863 lotharingia,
653 3804 720 3849 non
741 3788 875 3849 emissis
896 3787 1055 3867 piscibus,
1071 3786 1217 3866 aliquem
1236 3784 1348 3848 locum
1369 3785 1404 3845 in

240 3891 392 3953 Nonoer'de
420 3892 617 3971 obtinuisse,
648 3899 679 3953 et
707 3892 745 3953 in
779 3893 827 3954 eis
859 3893 1084 3955 describendis
1117 3893 1238 3971 saepius
1271 3909 1405 3971 operam

240 3997 389 4076 posuisse
405 3996 551 4059 Petrum.
570 3999 680 4060 Pauca
695 3997 751 4059 hic
766 3999 915 4078 exempla
932 4001 1112 4060 afferentur
1128 4019 1136 4060 ι
1161 3998 1190 4078 Ι,
1206 3995 1262 4078 40,
1284 4015 1403 4078 ursus3

240 4101 269 4181 Ι,
291 4101 347 4182 69,
368 4110 494 4183 east0r3
513 4103 542 4184 I,
565 4101 618 4185 72,
640 4122 738 4182 aper3
765 4101 819 4184 73,
842 4104 1043 4186 cervus311,
1065 4100 1140 4183 245,
1163 4121 1314 4184 mergus,
1335 4102 1402 4181 ΙΙΙ,

241 4207 325 4289 209,
343 4208 403 4291 IV,
420 4207 496 4290 561,
515 4219 592 4292 etc,
609 4211 724 4291 lupus3
740 4210 786 4292 V,
800 4209 876 4289 287,
893 4211 1006 4292 lepus;
1024 4211 1084 4292 Vl,
1103 4206 1319 4291 181,‘aquila‚
1339 4218 1402 4271 etc.

241 4315 323 4377 Inde
339 4316 466 4378 vividas
479 4317 646 4379 interdum
655 4317 755 4380 refert
769 4319 931 4397 imagines
941 4335 1015 4398 qnae
1032 4317 1200 4379 veritatem
1215 4316 1401 4397 imitantur,

241 4422 402 4502 cumipse
419 4440 504 4503 saepe
521 4441 554 4486 se
568 4441 641 4502 quae
657 4424 807 4503 depingit
819 4425 941 4486 vidisse
956 4442 1015 4486 nos
1030 4431 1173 4488 moneat.
1187 4419 1253 4507 (Cf.
1273 4422 1301 4504 I,
1315 4418 1402 4502 504,

240 4527 288 4608 ΙΙ,
308 4525 391 4608 245,
408 4528 469 4611 Vl,
485 4524 579 4612 698.)
606 4567 608 4572 ·
