3306 5468
734 504 912 575 ..pg-

243 653 376 730 lougam
393 653 593 729 lruiguumra
609 653 703 714 ducis
723 653 912 715 contionem
927 648 963 734 (l.
980 652 1022 733 V,
1041 669 1072 714 v.
1089 648 1169 732 462,
1192 645 1273 731 sq.),
1292 650 1329 713 in
1354 669 1424 731 qua

243 761 314 842 ipse
327 762 508 840 praeteritas
528 779 603 822 suas
622 761 762 839 superbe
787 760 941 822 victorias
963 765 1126 840 recenset,
1144 757 1313 821 domitum
1331 759 1420 821 Leo·

243 868 347 949 dium,
374 877 503 928 exustas
528 866 672 945 Gaudes,
693 867 794 928 armis
821 866 1039 928 interclusum
1060 866 1321 944 Rotbomagum‚
1340 865 1418 944 pul·

245 992 318 1034 sum
335 975 395 1035 sub
410 974 554 1052 Herycio
568 973 699 1036 monte¹
719 974 920 1036 Francorum
935 991 1057 1051 regem,
1079 975 1245 1035 obsessam
1261 973 1415 1053 denique

244 1081 421 1161 Lutetiam,
439 1081 607 1156 ingentem
623 1099 732 1142 arcem
746 1088 778 1142 et
794 1088 890 1160 caput
905 1081 1040 1142 Galliae.

289 1187 369 1261 Qua
394 1205 470 1249 vero
492 1187 535 1248 sit
556 1188 592 1247 in
612 1189 762 1250 Nauceide
781 1205 892 1248 rerum
914 1187 1102 1249 distributio
1125 1185 1359 1265 exponendum
1382 1193 1416 1247 et

166 1274 168 1278 ¹
243 1314 301 1374 per
315 1292 464 1371 singulos
481 1294 583 1356 libros
599 1294 755 1355 eundum.

245 1543 317 1605 Lm.
339 1543 368 1603 I.
389 1578 433 1587 -
455 1545 527 1604 aelli
547 1560 644 1603 consa
665 1553 691 1604 et
714 1561 871 1603 armorum
889 1545 1025 1604 initium.
1050 1519 1247 1618 lothoringia
1265 1558 1285 1600 a
1305 1543 1414 1602 Corolo

733 1665 910 1726 occupatur.

286 1841 409 1903 Praelia
434 1849 624 1903 narraturus
650 1859 722 1921 quae
750 1843 895 1904 ferocem
924 1841 1081 1904 Carolum
1104 1843 1243 1922 fregere,
1261 1839 1411 1902 historiae

243 1950 372 2011 illusam
391 1950 535 2028 primum
556 1950 685 2011 invocat
705 1957 800 2030 poeta
818 1967 955 2028 eamque
982 1958 1051 2010 orat
1072 1956 1108 2009 ut
1130 1948 1250 2008 Renati
1269 1946 1412 2024 gloriam

243 2065 400 2135 perpetuo
415 2057 541 2118 honore
556 2073 691 2134 surgere
706 2057 803 2137 sinat,
816 2055 993 2117 dummodo
1008 2055 1151 2134 patiatur
1165 2053 1259 2115 livor.
1280 2052 1411 2113 Deinde

243 2171 475 2239 argumentum
501 2164 660 2242 poematis
684 2163 827 2224 breviter
843 2162 1091 2239 complectitor.
1117 2159 1261 2222 Ultimas
1285 2167 1411 2220 tantum

243 2284 381 2348 pugnas,
403 2266 512 2328 Caroli
530 2275 669 2328 mortem
693 2276 724 2328 et
743 2269 860 2329 funera
874 2268 1064 2345 aggreditur
1082 2284 1211 2329 canere.
1229 2265 1409 2326 Nanceiam

242 2374 356 2434 urbem
379 2374 503 2435 recenti
531 2375 669 2435 victoria
691 2372 889 2435 illustratam
909 2373 1062 2436 laudibus
1091 2377 1185 2436 effert
1208 2390 1269 2435 nec
1292 2372 1406 2433 minus

243 2480 492 2556 Lothariugiam
507 2487 619 2559 totam,
632 2480 775 2558 opimam
789 2481 972 2562 regionem,
990 2482 1069 2542 rivis
1086 2482 1256 2560 irriguam,
1273 2479 1403 2558 pecoris

242 2586 391 2667 divitem,
409 2588 554 2666 ferisque
569 2589 787 2668 frequentem,
804 2587 892 2680 ursis
908 2587 1019 2668 etiam,
1036 2589 1158 2666 quibus
1178 2588 1305 2666 aequius
1322 2592 1409 2647 esset

240 2711 387 2773 parcere,
404 2695 669 2774 quandoquidem
685 2695 725 2755 ab
736 2713 812 2756 urso
828 2695 993 2756 Bernensi
1011 2696 1132 2757 Renati
1150 2693 1262 2756 hostes
1275 2691 1408 2772 procul·

241 2802 306 2861 cati
322 2809 410 2862 sunt.
428 2802 497 2862 Nec
520 2801 637 2862 desunt
661 2802 710 2863 ibi
734 2821 810 2863 aves
831 2803 967 2881 aucupis
991 2811 1058 2864 arte
1077 2802 1257 2880 capiendae.
1274 2800 1406 2880 Aquam

239 2907 383 2968 ubertim
406 2906 522 2986 fontes,
550 2908 677 2984 piscosa
697 2907 834 2969 flumina
863 2918 894 2970 et
920 2916 1035 2986 stagna
1057 2909 1223 2988 praebent3
1249 2909 1404 2990 gemmis,

241 3012 399 3108 metallis,
415 3014 482 3077 sale
498 3015 641 3077 abundat
655 3024 754 3096 terra,
767 3016 890 3077 vitibus
906 3017 1027 3079 consiti
1039 3016 1152 3097 colles,
1170 3016 1240 3093 agri
1254 3015 1406 3091 frugibus
1437 3075 1440 3078 a

241 3119 376 3180 feraces
402 3119 495 3181 Hanc
517 3130 635 3182 terram
648 3122 716 3201 Jam
739 3122 866 3183 duobus
890 3123 930 3182 ab
949 3123 1044 3184 annis
1067 3121 1324 3199 Burgundorum
1339 3120 1406 3182 dux

241 3225 504 3307 concupiscebat,
523 3234 558 3287 ut
579 3244 651 3305 qnae
667 3227 790 3304 passim
805 3245 942 3304 regnare
955 3226 1083 3288 volenti
1100 3228 1139 3287 ad
1154 3226 1275 3288 multas
1289 3234 1407 3302 gentes

241 3330 364 3391 aditum
379 3332 482 3392 daret.
503 3333 679 3411 Postquam
694 3341 804 3395 autem
820 3333 968 3408 flagranti
985 3333 1135 3411 cupidini
1147 3333 1326 3395 reluctatus
1342 3340 1405 3413 est,

240 3437 371 3498 tandem
387 3437 609 3515 Lotbaringiae
624 3440 729 3501 amori
745 3439 928 3500 succumbit
945 3438 1097 3501 Carolus.
1118 3439 1208 3500 'Dum
1224 3438 1407 3500 Novesium

240 3551 405 3619 oppugnat
433 3551 546 3604 contra
570 3543 710 3605 Caesaris
735 3544 904 3606 Frederici
934 3545 1045 3625 fidem,
1073 3545 1200 3607 Renato
1227 3545 1408 3622 imperator

240 3648 354 3709 suadet
368 3655 403 3710 ut
421 3649 528 3710 fredus
543 3649 624 3709 olim
640 3667 715 3710 cum
736 3650 993 3728 Burgundorum
1011 3651 1094 3712 duce
1113 3659 1246 3729 pactum
1259 3657 1403 3730 rumpat,

238 3754 461 3831 Lotliaringiae
479 3772 555 3816 sane
571 3773 667 3832 grave
683 3764 714 3817 et
730 3757 894 3836 iniquum.
909 3757 1041 3818 Bellum
1054 3758 1154 3835 igitur
1166 3756 1283 3819 Carolo
1295 3757 1404 3818 Rena-

240 3868 292 3920 tus
321 3861 450 3941 indicit,
483 3860 624 3939 epistula
650 3863 751 3922 missa
779 3881 877 3943 quam
915 3865 1071 3925 frendens
1104 3865 1168 3925 dux
1198 3862 1403 3941 Burgundiae

239 3965 390 4047 perlegit,
406 3967 619 4046 jurejurando
637 3969 746 4030 statim
763 3970 1013 4032 coufirmatmus
1031 3989 1066 4032 se
1081 3970 1242 4031 infantem
1257 3968 1357 4029 illum
1371 3976 1405 4030 et

238 4073 440 4151 proditorem
457 4073 650 4152 inexpiabili
667 4075 794 4136 ultione
810 4086 1069 4154 persecuturum.
1094 4075 1173 4138 Sine
1190 4094 1282 4137 mora
1296 4075 1405 4137 Nove·

240 4180 326 4239 sium
347 4179 520 4258 linquitur,
544 4199 622 4259 pace
646 4200 721 4242 cum
742 4182 915 4244 Frederico
938 4185 1132 4264 composita,
1159 4185 1250 4245 Pons·
1270 4183 1403 4244 Monsio

242 4375 452 4389 -Ἦ

271 4501 291 4549 l.
307 4500 383 4550 Mons
397 4503 541 4566 betterici,
559 4521 568 4548 u
585 4501 736 4566 Montlhery
752 4521 776 4553 l.
