3306 5468
648 564 652 572 .
751 581 906 649 4—

239 723 371 807 legisse,
393 725 422 786 si
441 733 526 789 recte
545 726 605 788 hos
626 728 766 789 loannis
787 728 903 789 Basini
922 728 1034 806 elegos
1053 728 1252 806 interpretor
1277 724 1310 787 in
1334 726 1402 787 edi-

239 829 328 892 tione
344 830 423 891 auui
437 831 624 894 MDXVlll
641 833 839 913 impressos:

508 1024 581 1080 Cum
596 1027 785 1082 Camenarum
799 1027 870 1083 tuba
884 1029 929 1083 vir
943 1027 1098 1097 Gaguiuus

507 1125 574 1179 Rite
588 1125 755 1196 scriptorem
770 1126 848 1180 hunc
863 1126 970 1180 hedera
985 1131 1107 1180 coronet
1118 1126 1139 1181 ¹.

285 1311 479 1374 Verisimile
504 1319 554 1373 est
576 1312 751 1392 Renatum‚
779 1329 817 1374 eo
846 1320 992 1390 tempore
1022 1329 1096 1373 cum
1126 1311 1331 1374 Ludovioum
1359 1312 1410 1373 Xl

243 1419 362 1480 Galliae
392 1435 505 1495 regem
534 1408 586 1478 bis
615 1418 829 1479 conveniebat
858 1413 1188 1500 (MCCCCLXXV),
1221 1429 1254 1480 ut
1283 1418 1409 1480 auxilia

242 1524 282 1585 ab
303 1542 341 1586 eo
366 1525 544 1586 instantius
568 1524 741 1605 flagitaret,
761 1542 834 1585 cnm
853 1525 959 1604 Petro,
986 1524 1098 1585 nescio
1121 1543 1186 1602 quo
1208 1524 1412 1602 colloquium

242 1630 454 1713 conciliante,
481 1648 705 1711 congressum,
730 1649 807 1692 enm
829 1631 895 1692 sibi
917 1629 1151 1693 benevolentia
1170 1631 1359 1692 devinxisse
1377 1636 1409 1692 et

242 1735 278 1797 in
295 1737 545 1816 lotharingiam
568 1755 681 1799 secum
700 1736 873 1799 abduxisse
894 1747 930 1798 ut
952 1727 1084 1799 doctum
1103 1737 1213 1799 virum
1221 1743 1259 1823 ,et
1276 1738 1313 1797 in
1325 1736 1411 1816 J'uris

242 1843 420 1922 disciplina
434 1844 599 1923 imprimis
610 1843 790 1905 eruditum.

289 1949 409 2012 Noster
436 1952 507 2030 ipse
536 1951 637 2011 relcrt
664 1968 699 2010 se
729 1947 859 2027 Spinali
893 1949 995 2011 luisse
1026 1948 1160 2011 Octobri
1189 1967 1302 2010 mense
1331 1949 1411 2010 anni

149 2125 152 2129 ,
242 2052 535 2136 MCCCCLXXV,
561 2073 637 2118 cum
660 2054 746 2116 illud
768 2054 927 2133 oppidum
950 2073 968 2115 a
990 2054 1122 2134 Carolo‚
1154 2054 1411 2132 Burgundorunr

242 2163 338 2241 duce,
355 2162 525 2223 obsessum
541 2169 573 2222 et
586 2160 835 2222 undevicesima
851 2158 1004 2221 Octobris
1020 2160 1074 2220 die
1088 2159 1123 2219 in
1139 2160 1342 2220 deditionem
1359 2177 1409 2220 re·

243 2275 374 2346 ceptum
389 2267 470 2328 luit:

280 2458 387 2526 Nunc,
404 2457 429 2528 I,
445 2475 475 2515 u.
492 2457 549 2511 553
566 2473 610 2527 sq.
630 2476 637 2510 ε

420 2554 502 2609 Dura
516 2555 566 2609 sed
580 2556 650 2610 urbs
663 2554 822 2626 rigidaeque
836 2571 939 2626 gerens
953 2555 1115 2626 pungentia
1129 2556 1221 2626 spinae

420 2651 546 2707 Nomina
561 2650 711 2721 Spinalum
728 2668 780 2706 sua
794 2657 839 2706 ter
853 2651 944 2706 tribus
959 2668 1028 2706 ecce
1042 2652 1144 2707 diebus

421 2748 519 2803 Meuia
533 2747 671 2829 defendit,
687 2766 752 2820 quae
767 2750 884 2802 tandem
899 2749 1014 2819 prodita
1028 2745 1173 2824 (quantum

423 2845 607 2899 Crediderarn
617 2842 754 2921 procrees)
768 2845 891 2900 admisso
905 2846 1003 2916 paruit
1017 2845 1104 2904 hosti.

286 3037 379 3100 Alias
387 3055 448 3100 nos
462 3044 574 3100 monet
583 3054 617 3097 se
630 3034 743 3098 Caroli
755 3035 848 3098 discis
860 3036 1025 3115 exsequiis
1037 3035 1067 3096 N
1070 3035 1178 3098 auceil
1191 3036 1384 3100 interfuisse
1401 3058 1408 3099 :

281 3214 388 3282 Noua,
404 3213 430 3281 I,
448 3214 496 3282 13,
515 3213 551 3267 14
562 3232 576 3266 r
592 3212 717 3268 Reddita
730 3217 791 3266 tum
806 3229 882 3267 caeso
897 3211 1042 3283 peregrini
1052 3213 1121 3282 jura
1134 3212 1282 3283 sepulchri

597 3310 665 3365 Viso
681 3326 792 3367 canam.

242 3501 452 3511 ...--.—--

275 3635 296 3684 l.
311 3633 340 3683 Si
357 3633 453 3682 saltem
472 3632 638 3681 concedatur
655 3631 680 3681 J.
701 3631 794 3681 Basini
815 3645 911 3682 versus
932 3636 995 3682 ante
1017 3632 1132 3696 Gaguini
1154 3636 1269 3682 mortem
1291 3632 1409 3696 scriptos

242 3717 312 3762 csse,
328 3718 390 3754 cum
405 3706 512 3752 constet
522 3704 578 3766 jam
593 3706 650 3751 tum
663 3703 831 3753 Nascetdem
846 3702 1023 3766 compositam
1038 3703 1133 3753 fuisse.

272 3775 331 3826 Nisi
344 3776 413 3824 lorte
428 3775 472 3824 hic
488 3777 591 3822 tantum
605 3773 808 3836 intelligendum
824 3777 866 3822 est
885 3772 999 3836 Gagnini
1019 3786 1119 3823 nomen
1133 3778 1163 3822 ut
1182 3774 1336 3837 praestantis
1355 3787 1409 3824 ma·

242 3848 317 3910 gistri
337 3851 364 3896 et
383 3844 533 3895 Aristarchi
552 3844 694 3906 cujusdam
713 3844 740 3893 ln
760 3849 816 3894 arte
837 3844 958 3893 metrica.
980 3843 1019 3894 Ea
1039 3845 1111 3894 enim
1131 3850 1188 3893 crat
1205 3844 1319 3907 Gaguinl
1337 3844 1407 3904 lauS,

243 3918 315 3982 quod
330 3920 464 3966 testantur
479 3915 548 3978 elegi
558 3914 604 3976 qui
619 3915 646 3963 in
657 3916 715 3978 ejus
725 3916 817 3964 Libris
831 3915 865 3963 dc
880 3919 941 3964 arte
956 3915 1135 3976 versificandi
1149 3915 1277 3977 leguntur
1288 3915 1409 3976 (lodoici

242 3990 440 4038 Xoatorttensr's
458 3984 503 4048 (de
523 3985 649 4047 Saintes),
663 3989 783 4048 episcopt
797 3989 972 4048 epr'qrcmrua
992 3989 1022 4034 irs
1035 3985 1147 4034 Robcrtt
1164 3988 1286 4047 Gapaloi
1300 3986 1409 4037 ordiris

240 4062 342 4110 sauctae
360 4059 506 4108 Trinitatis
520 4060 547 4106 et
563 4058 743 4120 Captivorum
757 4056 899 4118 peroratis
909 4055 1072 4119 praecepta).
1099 4101 1101 4104 ,

495 4138 540 4186 Qui
549 4137 650 4177 numeris
660 4137 727 4176 certis
736 4141 811 4177 tentas
821 4141 925 4176 constare
934 4140 1010 4187 pocta,

519 4202 550 4240 ut
560 4201 623 4240 vario
633 4211 710 4239 musas
719 4201 754 4239 vis
765 4200 880 4239 celebrare
890 4200 956 4250 pede,

493 4262 592 4311 Gaguini
600 4267 713 4312 praecepta
722 4267 782 4310 tenc,
792 4262 874 4310 quibus
884 4262 989 4311 Orpbeus
999 4273 1054 4302 usus

520 4325 641 4364 concinuit
650 4324 715 4363 suavi
725 4325 837 4363 Pindarus
847 4328 915 4372 atque
926 4325 984 4374 lyra,

492 4387 533 4426 Bis
542 4388 607 4426 Maro
615 4390 663 4426 tum
673 4387 761 4437 heroas,
771 4387 807 4425 bis
816 4388 928 4433 Pergama
937 4391 1013 4426 cantat
1022 4387 1142 4437 Homerus,

518 4447 625 4488 Carmine
635 4448 722 4488 lascivo
732 4459 826 4497 quaque
837 4449 919 4487 Thalia
928 4449 996 4487 canit.

491 4512 542 4552 Jam
553 4512 629 4550 schola
639 4511 725 4560 parlsia
736 4511 828 4550 Robartl
838 4512 920 4558 dogma
928 4511 1029 4560 legunto,

519 4573 662 4613 Carminibus
672 4575 735 4613 vivat
744 4578 833 4621 tempus
843 4576 868 4612 ut
877 4583 943 4611 omne
952 4572 1005 4611 tuis.
