<?xml version="1.0" encoding="UTF-8"?>
<!DOCTYPE html PUBLIC "-//W3C//DTD XHTML 1.0 Transitional//EN"
    "http://www.w3.org/TR/xhtml1/DTD/xhtml1-transitional.dtd">
<html xmlns="http://www.w3.org/1999/xhtml" xml:lang="en" lang="en">
 <head>
  <title>
</title>
<meta http-equiv="Content-Type" content="text/html;charset=utf-8" />
  <meta name='ocr-system' content='tesseract 3.04.00' />
  <meta name='ocr-capabilities' content='ocr_page ocr_carea ocr_par ocr_line ocrx_word'/>
</head>
<body>
  <div class='ocr_page' id='page_1' title='image "./denanceidepetri00collgoog_0103.png"; bbox 0 0 3306 5468; ppageno 0'>
   <div class='ocr_carea' id='block_1_1' title="bbox 692 561 870 630">
    <p class='ocr_par' dir='ltr' id='par_1_1' title="bbox 692 561 870 630">
     <span class='ocr_line' id='line_1_1' title="bbox 692 561 870 630; baseline 0 -20"><span class='ocrx_word' id='word_1_1' title='bbox 692 561 870 630; x_wconf 70' lang='grc'><strong>,76-</strong></span> 
     </span>
    </p>
   </div>
   <div class='ocr_carea' id='block_1_2' title="bbox 199 711 612 788">
    <p class='ocr_par' dir='ltr' id='par_1_2' title="bbox 199 711 612 788">
     <span class='ocr_line' id='line_1_2' title="bbox 199 711 612 788; baseline -0.002 -18"><span class='ocrx_word' id='word_1_2' title='bbox 199 711 235 770; x_wconf 83' lang='lat' dir='ltr'>de</span> <span class='ocrx_word' id='word_1_3' title='bbox 250 711 404 771; x_wconf 79' lang='lat' dir='ltr'>Bieorede</span> <span class='ocrx_word' id='word_1_4' title='bbox 420 711 585 788; x_wconf 82' lang='lat' dir='ltr'>liniempri</span> <span class='ocrx_word' id='word_1_5' title='bbox 602 729 612 768; x_wconf 95' lang='grc'>.·</span> 
     </span>
    </p>
   </div>
   <div class='ocr_carea' id='block_1_3' title="bbox 455 846 1344 1020">
    <p class='ocr_par' dir='ltr' id='par_1_3' title="bbox 455 846 1344 1020">
     <span class='ocr_line' id='line_1_3' title="bbox 462 846 1096 908; baseline -0.003 -4"><span class='ocrx_word' id='word_1_6' title='bbox 462 892 615 908; x_wconf 91' lang='grc'><strong>......</strong></span> <span class='ocrx_word' id='word_1_7' title='bbox 636 849 719 903; x_wconf 88' lang='lat' dir='ltr'>Miles</span> <span class='ocrx_word' id='word_1_8' title='bbox 733 849 850 903; x_wconf 87' lang='lat' dir='ltr'>titulum</span> <span class='ocrx_word' id='word_1_9' title='bbox 865 847 912 902; x_wconf 88' lang='lat' dir='ltr'>cui</span> <span class='ocrx_word' id='word_1_10' title='bbox 927 848 1013 903; x_wconf 88' lang='lat' dir='ltr'>belua</span> <span class='ocrx_word' id='word_1_11' title='bbox 1027 846 1096 902; x_wconf 86' lang='lat' dir='ltr'>feeit</span> 
     </span>
     <span class='ocr_line' id='line_1_4' title="bbox 455 939 1344 1020; baseline -0.002 -21"><span class='ocrx_word' id='word_1_12' title='bbox 455 946 542 1000; x_wconf 85' lang='lat' dir='ltr'>Dicta</span> <span class='ocrx_word' id='word_1_13' title='bbox 557 947 659 1014; x_wconf 76' lang='lat' dir='ltr'>Bauer,</span> <span class='ocrx_word' id='word_1_14' title='bbox 676 943 779 1000; x_wconf 79' lang='lat' dir='ltr'>Castor</span> <span class='ocrx_word' id='word_1_15' title='bbox 792 945 850 1000; x_wconf 85' lang='lat' dir='ltr'>ritu</span> <span class='ocrx_word' id='word_1_16' title='bbox 865 945 988 999; x_wconf 87' lang='lat' dir='ltr'>dicenda</span> <span class='ocrx_word' id='word_1_17' title='bbox 1002 945 1105 1002; x_wconf 87' lang='lat' dir='ltr'>latino.</span> <span class='ocrx_word' id='word_1_18' title='bbox 1123 939 1190 1020; x_wconf 82' lang='lat' dir='ltr'>(vi,</span> <span class='ocrx_word' id='word_1_19' title='bbox 1206 961 1233 999; x_wconf 88' lang='lat' dir='ltr'>v.</span> <span class='ocrx_word' id='word_1_20' title='bbox 1253 939 1344 1017; x_wconf 85' lang='grc'>997.)</span> 
     </span>
    </p>
   </div>
   <div class='ocr_carea' id='block_1_4' title="bbox 197 1059 1377 2017">
    <p class='ocr_par' dir='ltr' id='par_1_4' title="bbox 197 1059 1376 1800">
     <span class='ocr_line' id='line_1_5' title="bbox 243 1059 1376 1163; baseline 0.001 -23"><span class='ocrx_word' id='word_1_21' title='bbox 243 1079 273 1140; x_wconf 94' lang='lat' dir='ltr'>N</span> <span class='ocrx_word' id='word_1_22' title='bbox 277 1098 313 1141; x_wconf 91' lang='lat' dir='ltr'>ec</span> <span class='ocrx_word' id='word_1_23' title='bbox 328 1059 446 1142; x_wconf 86' lang='lat' dir='ltr'>desunt</span> <span class='ocrx_word' id='word_1_24' title='bbox 461 1081 497 1140; x_wconf 90' lang='lat' dir='ltr'>in</span> <span class='ocrx_word' id='word_1_25' title='bbox 510 1081 662 1144; x_wconf 88' lang='lat' dir='ltr'>Nunceide</span> <span class='ocrx_word' id='word_1_26' title='bbox 676 1078 927 1160; x_wconf 83' lang='lat' dir='ltr'>parastichides‚</span> <span class='ocrx_word' id='word_1_27' title='bbox 943 1071 1252 1163; x_wconf 74' lang='grc' dir='ltr'>ἀναγραμματισμοί,</span> <span class='ocrx_word' id='word_1_28' title='bbox 1268 1099 1376 1162; x_wconf 68' lang='grc' dir='ltr'>χρονο-</span> 
     </span>
     <span class='ocr_line' id='line_1_6' title="bbox 199 1183 1374 1272; baseline -0.007 -20"><span class='ocrx_word' id='word_1_29' title='bbox 199 1185 384 1272; x_wconf 73' lang='grc' dir='ltr'>γράμματα,</span> <span class='ocrx_word' id='word_1_30' title='bbox 403 1187 432 1247; x_wconf 89' lang='lat' dir='ltr'>si</span> <span class='ocrx_word' id='word_1_31' title='bbox 454 1205 569 1248; x_wconf 90' lang='lat' dir='ltr'>rursus</span> <span class='ocrx_word' id='word_1_32' title='bbox 595 1187 658 1248; x_wconf 92' lang='lat' dir='ltr'>hoc</span> <span class='ocrx_word' id='word_1_33' title='bbox 680 1183 840 1248; x_wconf 86' lang='lat' dir='ltr'>vocabulo</span> <span class='ocrx_word' id='word_1_34' title='bbox 865 1185 915 1246; x_wconf 90' lang='lat' dir='ltr'>uti</span> <span class='ocrx_word' id='word_1_35' title='bbox 937 1184 1024 1244; x_wconf 89' lang='lat' dir='ltr'>mihi</span> <span class='ocrx_word' id='word_1_36' title='bbox 1048 1183 1374 1260; x_wconf 76' lang='lat' dir='ltr'>concessum-luerit.</span> 
     </span>
     <span class='ocr_line' id='line_1_7' title="bbox 199 1290 1376 1371; baseline -0.002 -17"><span class='ocrx_word' id='word_1_37' title='bbox 199 1293 275 1354; x_wconf 83' lang='lat' dir='ltr'>iam</span> <span class='ocrx_word' id='word_1_38' title='bbox 289 1302 363 1355; x_wconf 88' lang='lat' dir='ltr'>ante</span> <span class='ocrx_word' id='word_1_39' title='bbox 378 1293 644 1354; x_wconf 83' lang='lat' dir='ltr'>animadversum</span> <span class='ocrx_word' id='word_1_40' title='bbox 660 1302 710 1353; x_wconf 90' lang='lat' dir='ltr'>est</span> <span class='ocrx_word' id='word_1_41' title='bbox 724 1290 1004 1371; x_wconf 77' lang='lat' dir='ltr'>parastichidibu‘s</span> <span class='ocrx_word' id='word_1_42' title='bbox 1016 1291 1162 1370; x_wconf 76' lang='lat' dir='ltr'>incipere</span> <span class='ocrx_word' id='word_1_43' title='bbox 1177 1299 1208 1353; x_wconf 92' lang='lat' dir='ltr'>et</span> <span class='ocrx_word' id='word_1_44' title='bbox 1219 1291 1376 1352; x_wconf 81' lang='lat' dir='ltr'>desinere</span> 
     </span>
     <span class='ocr_line' id='line_1_8' title="bbox 201 1395 1376 1477; baseline -0.001 -19"><span class='ocrx_word' id='word_1_45' title='bbox 201 1399 290 1460; x_wconf 85' lang='lat' dir='ltr'>Petri</span> <span class='ocrx_word' id='word_1_46' title='bbox 304 1417 431 1477; x_wconf 90' lang='lat' dir='ltr'>poema.</span> <span class='ocrx_word' id='word_1_47' title='bbox 451 1397 487 1460; x_wconf 89' lang='lat' dir='ltr'>Si</span> <span class='ocrx_word' id='word_1_48' title='bbox 506 1400 645 1461; x_wconf 88' lang='lat' dir='ltr'>enimin</span> <span class='ocrx_word' id='word_1_49' title='bbox 662 1399 811 1461; x_wconf 89' lang='lat' dir='ltr'>versibus</span> <span class='ocrx_word' id='word_1_50' title='bbox 830 1395 908 1460; x_wconf 84' lang='lat'>1-14</span> <span class='ocrx_word' id='word_1_51' title='bbox 923 1398 1063 1477; x_wconf 86' lang='lat' dir='ltr'>primam</span> <span class='ocrx_word' id='word_1_52' title='bbox 1078 1404 1205 1458; x_wconf 84' lang='lat' dir='ltr'>tanturn</span> <span class='ocrx_word' id='word_1_53' title='bbox 1226 1397 1376 1459; x_wconf 77' lang='lat' dir='ltr'>litteram</span> 
     </span>
     <span class='ocr_line' id='line_1_9' title="bbox 199 1499 1376 1587; baseline -0.003 -21"><span class='ocrx_word' id='word_1_54' title='bbox 199 1506 332 1587; x_wconf 85' lang='lat' dir='ltr'>legeris,</span> <span class='ocrx_word' id='word_1_55' title='bbox 355 1523 476 1567; x_wconf 91' lang='lat' dir='ltr'>nomen</span> <span class='ocrx_word' id='word_1_56' title='bbox 496 1499 666 1585; x_wconf 85' lang='lat' dir='ltr'>scriptoris</span> <span class='ocrx_word' id='word_1_57' title='bbox 686 1506 849 1568; x_wconf 86' lang='lat' dir='ltr'>habebis:</span> <span class='ocrx_word' id='word_1_58' title='bbox 876 1508 983 1566; x_wconf 87' lang='lat' dir='ltr'>Petrus</span> <span class='ocrx_word' id='word_1_59' title='bbox 1003 1506 1038 1565; x_wconf 85' lang='lat' dir='ltr'>cie</span> <span class='ocrx_word' id='word_1_60' title='bbox 1058 1504 1190 1582; x_wconf 72' lang='lat' dir='ltr'>blarru,⁸</span> <span class='ocrx_word' id='word_1_61' title='bbox 1211 1503 1240 1565; x_wconf 90' lang='lat' dir='ltr'>si</span> <span class='ocrx_word' id='word_1_62' title='bbox 1260 1509 1376 1566; x_wconf 90' lang='lat' dir='ltr'>autem</span> 
     </span>
     <span class='ocr_line' id='line_1_10' title="bbox 201 1610 1376 1691; baseline -0.003 -18"><span class='ocrx_word' id='word_1_63' title='bbox 201 1611 436 1691; x_wconf 79' lang='lat' dir='ltr'>septemdecim</span> <span class='ocrx_word' id='word_1_64' title='bbox 451 1621 690 1688; x_wconf 87' lang='lat' dir='ltr'>postremorum</span> <span class='ocrx_word' id='word_1_65' title='bbox 701 1631 856 1674; x_wconf 89' lang='lat' dir='ltr'>versuum</span> <span class='ocrx_word' id='word_1_66' title='bbox 872 1612 994 1690; x_wconf 90' lang='lat' dir='ltr'>primas</span> <span class='ocrx_word' id='word_1_67' title='bbox 1010 1628 1141 1690; x_wconf 89' lang='lat' dir='ltr'>quoque</span> <span class='ocrx_word' id='word_1_68' title='bbox 1157 1610 1284 1672; x_wconf 82' lang='lat' dir='ltr'>litteras</span> <span class='ocrx_word' id='word_1_69' title='bbox 1295 1627 1376 1673; x_wconf 91' lang='lat' dir='ltr'>con-</span> 
     </span>
     <span class='ocr_line' id='line_1_11' title="bbox 197 1716 916 1800; baseline 0.001 -23"><span class='ocrx_word' id='word_1_70' title='bbox 197 1718 361 1800; x_wconf 71' lang='lat' dir='ltr'>junxeris,</span> <span class='ocrx_word' id='word_1_71' title='bbox 380 1718 531 1779; x_wconf 87' lang='lat' dir='ltr'>invenies</span> <span class='ocrx_word' id='word_1_72' title='bbox 549 1739 556 1778; x_wconf 75' lang='grc' dir='ltr'><strong>ε</strong></span> <span class='ocrx_word' id='word_1_73' title='bbox 576 1721 683 1779; x_wconf 87' lang='lat' dir='ltr'>Petrus</span> <span class='ocrx_word' id='word_1_74' title='bbox 698 1721 882 1779; x_wconf 84' lang='lat' dir='ltr'>Porisiensis</span> <span class='ocrx_word' id='word_1_75' title='bbox 894 1716 916 1778; x_wconf 90' lang='lat'>¹.</span> 
     </span>
    </p>

    <p class='ocr_par' dir='ltr' id='par_1_5' title="bbox 202 1820 1377 2017">
     <span class='ocr_line' id='line_1_12' title="bbox 246 1820 1374 1909; baseline 0.004 -25"><span class='ocrx_word' id='word_1_76' title='bbox 246 1824 394 1887; x_wconf 82' lang='lat' dir='ltr'>Inserta</span> <span class='ocrx_word' id='word_1_77' title='bbox 411 1824 496 1887; x_wconf 92' lang='lat' dir='ltr'>libro</span> <span class='ocrx_word' id='word_1_78' title='bbox 516 1821 682 1908; x_wconf 80' lang='lat' dir='ltr'>(v.1276)</span> <span class='ocrx_word' id='word_1_79' title='bbox 705 1825 855 1904; x_wconf 86' lang='lat' dir='ltr'>ejusdem</span> <span class='ocrx_word' id='word_1_80' title='bbox 875 1825 1021 1887; x_wconf 89' lang='lat' dir='ltr'>nominis</span> <span class='ocrx_word' id='word_1_81' title='bbox 1043 1831 1148 1886; x_wconf 84' lang='lat' dir='ltr'>exstat</span> <span class='ocrx_word' id='word_1_82' title='bbox 1168 1820 1374 1909; x_wconf 67' lang='grc' dir='ltr'>ἀναγραμμα·</span> 
     </span>
     <span class='ocr_line' id='line_1_13' title="bbox 202 1929 1377 2017; baseline -0.003 -20"><span class='ocrx_word' id='word_1_83' title='bbox 202 1930 315 2017; x_wconf 81' lang='grc' dir='ltr'>τισμός</span> <span class='ocrx_word' id='word_1_84' title='bbox 332 1953 340 1994; x_wconf 88' lang='lat'>:</span> <span class='ocrx_word' id='word_1_85' title='bbox 360 1931 440 1993; x_wconf 90' lang='lat' dir='ltr'>Plus</span> <span class='ocrx_word' id='word_1_86' title='bbox 458 1933 651 1994; x_wconf 87' lang='lat' dir='ltr'>deturbarer</span> <span class='ocrx_word' id='word_1_87' title='bbox 673 1955 710 1987; x_wconf 92' lang='lat'>=</span> <span class='ocrx_word' id='word_1_88' title='bbox 733 1935 839 1994; x_wconf 80' lang='lat' dir='ltr'>Petrus</span> <span class='ocrx_word' id='word_1_89' title='bbox 862 1933 896 1992; x_wconf 85' lang='lat' dir='ltr'>de</span> <span class='ocrx_word' id='word_1_90' title='bbox 915 1934 1024 1992; x_wconf 82' lang='lat' dir='ltr'>Biora.</span> <span class='ocrx_word' id='word_1_91' title='bbox 1048 1931 1200 2009; x_wconf 88' lang='lat' dir='ltr'>Denique</span> <span class='ocrx_word' id='word_1_92' title='bbox 1221 1929 1284 1993; x_wconf 88' lang='lat' dir='ltr'>hoc</span> <span class='ocrx_word' id='word_1_93' title='bbox 1303 1951 1377 2014; x_wconf 57' lang='lat' dir='ltr'>ppo:</span> 
     </span>
    </p>
   </div>
   <div class='ocr_carea' id='block_1_5' title="bbox 203 2195 1380 3254">
    <p class='ocr_par' dir='ltr' id='par_1_6' title="bbox 203 2195 1378 2614">
     <span class='ocr_line' id='line_1_14' title="bbox 236 2195 1378 2266; baseline -0.004 -16"><span class='ocrx_word' id='word_1_94' title='bbox 236 2201 257 2250; x_wconf 89' lang='lat' dir='ltr'>i.</span> <span class='ocrx_word' id='word_1_95' title='bbox 272 2200 304 2250; x_wconf 92' lang='lat' dir='ltr'>ln</span> <span class='ocrx_word' id='word_1_96' title='bbox 319 2218 324 2248; x_wconf 93' lang='lat'>:</span> <span class='ocrx_word' id='word_1_97' title='bbox 341 2203 465 2252; x_wconf 77' lang='lat' dir='ltr'>Auctoris</span> <span class='ocrx_word' id='word_1_98' title='bbox 480 2205 510 2250; x_wconf 92' lang='lat' dir='ltr'>in</span> <span class='ocrx_word' id='word_1_99' title='bbox 524 2215 581 2251; x_wconf 78' lang='lat' dir='ltr'>suae</span> <span class='ocrx_word' id='word_1_100' title='bbox 600 2201 754 2250; x_wconf 76' lang='lat' dir='ltr'>b&#39;unceieios</span> <span class='ocrx_word' id='word_1_101' title='bbox 773 2200 919 2249; x_wconf 75' lang='lat' dir='ltr'>historiam</span> <span class='ocrx_word' id='word_1_102' title='bbox 935 2201 1056 2262; x_wconf 84' lang='lat' dir='ltr'>epitoma</span> <span class='ocrx_word' id='word_1_103' title='bbox 1070 2196 1148 2248; x_wconf 90' lang='lat' dir='ltr'>aliam</span> <span class='ocrx_word' id='word_1_104' title='bbox 1163 2195 1378 2266; x_wconf 86' lang='lat' dir='ltr'>parastichidem</span> 
     </span>
     <span class='ocr_line' id='line_1_15' title="bbox 203 2268 1378 2335; baseline -0.003 -16"><span class='ocrx_word' id='word_1_105' title='bbox 203 2269 287 2333; x_wconf 84' lang='lat' dir='ltr'>legas,</span> <span class='ocrx_word' id='word_1_106' title='bbox 303 2271 325 2320; x_wconf 86' lang='lat' dir='ltr'>si</span> <span class='ocrx_word' id='word_1_107' title='bbox 340 2275 401 2320; x_wconf 90' lang='lat' dir='ltr'>octo</span> <span class='ocrx_word' id='word_1_108' title='bbox 418 2277 445 2320; x_wconf 90' lang='lat' dir='ltr'>et</span> <span class='ocrx_word' id='word_1_109' title='bbox 463 2272 592 2334; x_wconf 83' lang='lat' dir='ltr'>tringinta</span> <span class='ocrx_word' id='word_1_110' title='bbox 611 2273 757 2322; x_wconf 89' lang='lat' dir='ltr'>verborum</span> <span class='ocrx_word' id='word_1_111' title='bbox 777 2272 876 2335; x_wconf 87' lang='lat' dir='ltr'>quibus</span> <span class='ocrx_word' id='word_1_112' title='bbox 897 2271 950 2320; x_wconf 89' lang='lat' dir='ltr'>hoc</span> <span class='ocrx_word' id='word_1_113' title='bbox 970 2270 1064 2334; x_wconf 84' lang='lat' dir='ltr'>incipit</span> <span class='ocrx_word' id='word_1_114' title='bbox 1083 2268 1378 2333; x_wconf 85' lang='lat' dir='ltr'>prooemiumprimam</span> 
     </span>
     <span class='ocr_line' id='line_1_16' title="bbox 203 2337 1378 2405; baseline 0 -17"><span class='ocrx_word' id='word_1_115' title='bbox 203 2340 319 2391; x_wconf 86' lang='lat' dir='ltr'>litteram</span> <span class='ocrx_word' id='word_1_116' title='bbox 340 2355 493 2405; x_wconf 82' lang='lat' dir='ltr'>excerpas:</span> <span class='ocrx_word' id='word_1_117' title='bbox 515 2343 627 2392; x_wconf 71' lang='lat' dir='ltr'>autoris</span> <span class='ocrx_word' id='word_1_118' title='bbox 645 2355 745 2391; x_wconf 87' lang='lat' dir='ltr'>nomen</span> <span class='ocrx_word' id='word_1_119' title='bbox 766 2341 865 2391; x_wconf 88' lang='lat' dir='ltr'>Petrus</span> <span class='ocrx_word' id='word_1_120' title='bbox 885 2343 919 2390; x_wconf 90' lang='lat' dir='ltr'>de</span> <span class='ocrx_word' id='word_1_121' title='bbox 941 2339 1020 2390; x_wconf 89' lang='lat' dir='ltr'>Blaro</span> <span class='ocrx_word' id='word_1_122' title='bbox 1042 2341 1110 2391; x_wconf 89' lang='lat' dir='ltr'>Rivo</span> <span class='ocrx_word' id='word_1_123' title='bbox 1133 2338 1299 2388; x_wconf 88' lang='lat' dir='ltr'>Parisianus.</span> <span class='ocrx_word' id='word_1_124' title='bbox 1324 2337 1378 2388; x_wconf 90' lang='lat' dir='ltr'>De·</span> 
     </span>
     <span class='ocr_line' id='line_1_17' title="bbox 203 2409 1378 2476; baseline 0 -18"><span class='ocrx_word' id='word_1_125' title='bbox 203 2411 296 2475; x_wconf 87' lang='lat' dir='ltr'>nique,</span> <span class='ocrx_word' id='word_1_126' title='bbox 312 2411 385 2476; x_wconf 85' lang='lat' dir='ltr'>quod</span> <span class='ocrx_word' id='word_1_127' title='bbox 400 2412 482 2460; x_wconf 90' lang='lat' dir='ltr'>miror</span> <span class='ocrx_word' id='word_1_128' title='bbox 495 2427 511 2462; x_wconf 93' lang='lat' dir='ltr'>a</span> <span class='ocrx_word' id='word_1_129' title='bbox 525 2411 597 2462; x_wconf 91' lang='lat' dir='ltr'>nullo</span> <span class='ocrx_word' id='word_1_130' title='bbox 614 2427 647 2462; x_wconf 77' lang='lat' dir='ltr'>er</span> <span class='ocrx_word' id='word_1_131' title='bbox 665 2413 697 2462; x_wconf 86' lang='lat' dir='ltr'>iis</span> <span class='ocrx_word' id='word_1_132' title='bbox 712 2413 758 2475; x_wconf 87' lang='lat' dir='ltr'>qui</span> <span class='ocrx_word' id='word_1_133' title='bbox 775 2414 911 2463; x_wconf 77' lang='lat' dir='ltr'>b&#39;ureceicii</span> <span class='ocrx_word' id='word_1_134' title='bbox 931 2426 1042 2476; x_wconf 85' lang='lat' dir='ltr'>operam</span> <span class='ocrx_word' id='word_1_135' title='bbox 1057 2412 1192 2462; x_wconf 87' lang='lat' dir='ltr'>dederunt</span> <span class='ocrx_word' id='word_1_136' title='bbox 1207 2409 1378 2460; x_wconf 79' lang='lat' dir='ltr'>animadver</span> 
     </span>
     <span class='ocr_line' id='line_1_18' title="bbox 203 2480 1378 2547; baseline -0.001 -16"><span class='ocrx_word' id='word_1_137' title='bbox 203 2495 262 2531; x_wconf 91' lang='lat' dir='ltr'>sum</span> <span class='ocrx_word' id='word_1_138' title='bbox 288 2495 357 2540; x_wconf 71' lang='lat' dir='ltr'>esse,</span> <span class='ocrx_word' id='word_1_139' title='bbox 383 2482 405 2531; x_wconf 94' lang='lat' dir='ltr'>si</span> <span class='ocrx_word' id='word_1_140' title='bbox 431 2483 545 2546; x_wconf 89' lang='lat' dir='ltr'>primam</span> <span class='ocrx_word' id='word_1_141' title='bbox 571 2485 704 2547; x_wconf 86' lang='lat' dir='ltr'>cujusque</span> <span class='ocrx_word' id='word_1_142' title='bbox 728 2483 789 2534; x_wconf 89' lang='lat' dir='ltr'>libri</span> <span class='ocrx_word' id='word_1_143' title='bbox 813 2482 930 2533; x_wconf 83' lang='lat' dir='ltr'>litteram</span> <span class='ocrx_word' id='word_1_144' title='bbox 954 2483 1115 2547; x_wconf 69' lang='lat' dir='ltr'>dempseris</span> <span class='ocrx_word' id='word_1_145' title='bbox 1137 2493 1233 2531; x_wconf 88' lang='lat' dir='ltr'>rursus</span> <span class='ocrx_word' id='word_1_146' title='bbox 1251 2480 1378 2530; x_wconf 88' lang='lat' dir='ltr'>invenies</span> 
     </span>
     <span class='ocr_line' id='line_1_19' title="bbox 204 2552 642 2614; baseline 0.002 -13"><span class='ocrx_word' id='word_1_147' title='bbox 204 2552 344 2614; x_wconf 88' lang='lat' dir='ltr'>scriptoris</span> <span class='ocrx_word' id='word_1_148' title='bbox 360 2566 477 2602; x_wconf 87' lang='lat' dir='ltr'>nomen:</span> <span class='ocrx_word' id='word_1_149' title='bbox 495 2552 642 2602; x_wconf 83' lang='lat' dir='ltr'>PETRVS.</span> 
     </span>
    </p>

    <p class='ocr_par' dir='ltr' id='par_1_7' title="bbox 203 2621 1380 3254">
     <span class='ocr_line' id='line_1_20' title="bbox 233 2621 1379 2688; baseline 0.002 -19"><span class='ocrx_word' id='word_1_150' title='bbox 233 2621 389 2672; x_wconf 87' lang='lat' dir='ltr'>istiusmodi</span> <span class='ocrx_word' id='word_1_151' title='bbox 404 2624 633 2688; x_wconf 87' lang='lat' dir='ltr'>parastichidihus</span> <span class='ocrx_word' id='word_1_152' title='bbox 649 2624 725 2674; x_wconf 88' lang='lat' dir='ltr'>Petri</span> <span class='ocrx_word' id='word_1_153' title='bbox 740 2624 859 2688; x_wconf 76' lang='lat' dir='ltr'>aquales</span> <span class='ocrx_word' id='word_1_154' title='bbox 874 2627 969 2688; x_wconf 86' lang='lat' dir='ltr'>poetas</span> <span class='ocrx_word' id='word_1_155' title='bbox 987 2623 1136 2674; x_wconf 86' lang='lat' dir='ltr'>delectatos</span> <span class='ocrx_word' id='word_1_156' title='bbox 1155 2635 1216 2673; x_wconf 89' lang='lat' dir='ltr'>esse</span> <span class='ocrx_word' id='word_1_157' title='bbox 1237 2635 1318 2672; x_wconf 89' lang='lat' dir='ltr'>nemo</span> <span class='ocrx_word' id='word_1_158' title='bbox 1335 2624 1379 2672; x_wconf 90' lang='lat' dir='ltr'>est</span> 
     </span>
     <span class='ocr_line' id='line_1_21' title="bbox 203 2692 1379 2758; baseline -0.002 -16"><span class='ocrx_word' id='word_1_159' title='bbox 203 2706 284 2756; x_wconf 89' lang='lat' dir='ltr'>quem</span> <span class='ocrx_word' id='word_1_160' title='bbox 304 2697 461 2757; x_wconf 83' lang='lat' dir='ltr'>praetercat.</span> <span class='ocrx_word' id='word_1_161' title='bbox 479 2694 519 2744; x_wconf 81' lang='lat' dir='ltr'>Gi.</span> <span class='ocrx_word' id='word_1_162' title='bbox 539 2695 637 2753; x_wconf 87' lang='lat' dir='ltr'>Villon,</span> <span class='ocrx_word' id='word_1_163' title='bbox 653 2696 773 2745; x_wconf 86' lang='lat' dir='ltr'>Buliude</span> <span class='ocrx_word' id='word_1_164' title='bbox 792 2697 827 2745; x_wconf 80' lang='lat' dir='ltr'>cie</span> <span class='ocrx_word' id='word_1_165' title='bbox 847 2697 937 2745; x_wconf 78' lang='lat' dir='ltr'>Vilior</span> <span class='ocrx_word' id='word_1_166' title='bbox 952 2695 969 2744; x_wconf 81' lang='grc' dir='ltr'>ὰ</span> <span class='ocrx_word' id='word_1_167' title='bbox 984 2695 1095 2758; x_wconf 77' lang='lat' dir='ltr'>s’nmye.</span> <span class='ocrx_word' id='word_1_168' title='bbox 1112 2693 1152 2742; x_wconf 82' lang='lat' dir='ltr'>Ex</span> <span class='ocrx_word' id='word_1_169' title='bbox 1170 2693 1265 2757; x_wconf 89' lang='lat' dir='ltr'>primis</span> <span class='ocrx_word' id='word_1_170' title='bbox 1280 2692 1379 2756; x_wconf 83' lang='lat' dir='ltr'>primae</span> 
     </span>
     <span class='ocr_line' id='line_1_22' title="bbox 204 2764 1378 2831; baseline -0.001 -18"><span class='ocrx_word' id='word_1_171' title='bbox 204 2764 324 2828; x_wconf 87' lang='lat' dir='ltr'>strophae</span> <span class='ocrx_word' id='word_1_172' title='bbox 340 2764 436 2814; x_wconf 86' lang='lat' dir='ltr'>litteris</span> <span class='ocrx_word' id='word_1_173' title='bbox 458 2765 571 2816; x_wconf 87' lang='lat' dir='ltr'>resultat</span> <span class='ocrx_word' id='word_1_174' title='bbox 586 2770 675 2829; x_wconf 87' lang='lat' dir='ltr'>poetae</span> <span class='ocrx_word' id='word_1_175' title='bbox 691 2781 850 2831; x_wconf 85' lang='lat' dir='ltr'>praenomen</span> <span class='ocrx_word' id='word_1_176' title='bbox 866 2784 872 2815; x_wconf 77' lang='grc' dir='ltr'>ι</span> <span class='ocrx_word' id='word_1_177' title='bbox 888 2765 1032 2829; x_wconf 78' lang='lat' dir='ltr'>Franpoys.</span> <span class='ocrx_word' id='word_1_178' title='bbox 1049 2793 1080 2800; x_wconf 82' lang='lat'><em>—</em></span> <span class='ocrx_word' id='word_1_179' title='bbox 1095 2765 1193 2815; x_wconf 77' lang='lat' dir='ltr'>cranei</span> <span class='ocrx_word' id='word_1_180' title='bbox 1210 2765 1378 2813; x_wconf 81' lang='lat' dir='ltr'>Testarneni.</span> 
     </span>
     <span class='ocr_line' id='line_1_23' title="bbox 203 2834 1378 2900; baseline -0.002 -16"><span class='ocrx_word' id='word_1_181' title='bbox 203 2835 323 2884; x_wconf 86' lang='lat' dir='ltr'>Baliude</span> <span class='ocrx_word' id='word_1_182' title='bbox 344 2837 378 2885; x_wconf 83' lang='lat' dir='ltr'>cie</span> <span class='ocrx_word' id='word_1_183' title='bbox 399 2837 489 2886; x_wconf 68' lang='lat' dir='ltr'>Vilica</span> <span class='ocrx_word' id='word_1_184' title='bbox 511 2840 536 2886; x_wconf 89' lang='lat' dir='ltr'>et</span> <span class='ocrx_word' id='word_1_185' title='bbox 558 2838 592 2886; x_wconf 85' lang='lat' dir='ltr'>uie</span> <span class='ocrx_word' id='word_1_186' title='bbox 614 2839 643 2886; x_wconf 88' lang='lat' dir='ltr'>iu</span> <span class='ocrx_word' id='word_1_187' title='bbox 665 2851 756 2900; x_wconf 74' lang='lat' dir='ltr'>prosse</span> <span class='ocrx_word' id='word_1_188' title='bbox 777 2839 894 2900; x_wconf 72' lang='lat' dir='ltr'>Murqoi.</span> <span class='ocrx_word' id='word_1_189' title='bbox 917 2836 978 2886; x_wconf 88' lang='lat' dir='ltr'>Tibi</span> <span class='ocrx_word' id='word_1_190' title='bbox 999 2839 1121 2886; x_wconf 85' lang='lat' dir='ltr'>extrema</span> <span class='ocrx_word' id='word_1_191' title='bbox 1141 2834 1252 2899; x_wconf 89' lang='lat' dir='ltr'>stropha</span> <span class='ocrx_word' id='word_1_192' title='bbox 1273 2847 1378 2884; x_wconf 90' lang='lat' dir='ltr'>nomen</span> 
     </span>
     <span class='ocr_line' id='line_1_24' title="bbox 204 2904 1376 2971; baseline -0.002 -17"><span class='ocrx_word' id='word_1_193' title='bbox 204 2905 344 2968; x_wconf 89' lang='lat' dir='ltr'>scriptoris</span> <span class='ocrx_word' id='word_1_194' title='bbox 359 2907 465 2968; x_wconf 70' lang='lat' dir='ltr'>praebet</span> <span class='ocrx_word' id='word_1_195' title='bbox 481 2925 487 2955; x_wconf 79' lang='grc' dir='ltr'>ι</span> <span class='ocrx_word' id='word_1_196' title='bbox 505 2909 602 2957; x_wconf 89' lang='lat' dir='ltr'>Vilion.</span> <span class='ocrx_word' id='word_1_197' title='bbox 620 2907 658 2956; x_wconf 83' lang='lat' dir='ltr'>Cf.</span> <span class='ocrx_word' id='word_1_198' title='bbox 675 2909 755 2971; x_wconf 79' lang='lat' dir='ltr'>ibici,</span> <span class='ocrx_word' id='word_1_199' title='bbox 771 2911 920 2957; x_wconf 85' lang='lat' dir='ltr'>extremam</span> <span class='ocrx_word' id='word_1_200' title='bbox 934 2907 1073 2970; x_wconf 89' lang='lat' dir='ltr'>stropham</span> <span class='ocrx_word' id='word_1_201' title='bbox 1086 2906 1213 2957; x_wconf 78' lang='lat' dir='ltr'>carminis</span> <span class='ocrx_word' id='word_1_202' title='bbox 1227 2904 1354 2968; x_wconf 87' lang='lat' dir='ltr'>inscripti</span> <span class='ocrx_word' id='word_1_203' title='bbox 1370 2921 1376 2952; x_wconf 92' lang='lat'>:</span> 
     </span>
     <span class='ocr_line' id='line_1_25' title="bbox 203 2978 1377 3042; baseline 0.001 -18"><span class='ocrx_word' id='word_1_204' title='bbox 203 2978 322 3026; x_wconf 79' lang='lat' dir='ltr'>Baiiacie</span> <span class='ocrx_word' id='word_1_205' title='bbox 333 2991 385 3040; x_wconf 86' lang='lat' dir='ltr'>qne</span> <span class='ocrx_word' id='word_1_206' title='bbox 401 2980 488 3027; x_wconf 79' lang='lat' dir='ltr'>Vilior</span> <span class='ocrx_word' id='word_1_207' title='bbox 495 2978 552 3040; x_wconf 88' lang='lat' dir='ltr'>feii</span> <span class='ocrx_word' id='word_1_208' title='bbox 563 2979 580 3027; x_wconf 81' lang='grc' dir='ltr'><strong>ὰ</strong></span> <span class='ocrx_word' id='word_1_209' title='bbox 591 2981 621 3027; x_wconf 89' lang='lat' dir='ltr'>ia</span> <span class='ocrx_word' id='word_1_210' title='bbox 632 2979 795 3041; x_wconf 60' lang='lat' dir='ltr'>reque-stede</span> <span class='ocrx_word' id='word_1_211' title='bbox 805 2992 836 3028; x_wconf 87' lang='lat' dir='ltr'>sa</span> <span class='ocrx_word' id='word_1_212' title='bbox 846 2981 929 3041; x_wconf 73' lang='lat' dir='ltr'>nuere,</span> <span class='ocrx_word' id='word_1_213' title='bbox 940 2992 1011 3042; x_wconf 77' lang='lat' dir='ltr'>poter</span> <span class='ocrx_word' id='word_1_214' title='bbox 1018 2979 1311 3042; x_wconf 69' lang='lat' dir='ltr'>prenuncia-nane,</span> <span class='ocrx_word' id='word_1_215' title='bbox 1320 2981 1377 3026; x_wconf 89' lang='lat' dir='ltr'>etc.</span> 
     </span>
     <span class='ocr_line' id='line_1_26' title="bbox 205 3046 1376 3113; baseline 0 -18"><span class='ocrx_word' id='word_1_216' title='bbox 205 3046 245 3097; x_wconf 84' lang='lat' dir='ltr'>ct.</span> <span class='ocrx_word' id='word_1_217' title='bbox 261 3061 370 3112; x_wconf 82' lang='lat' dir='ltr'>qnoque</span> <span class='ocrx_word' id='word_1_218' title='bbox 386 3063 447 3113; x_wconf 72' lang='lat' dir='ltr'>quae</span> <span class='ocrx_word' id='word_1_219' title='bbox 464 3049 491 3098; x_wconf 85' lang='lat' dir='ltr'>G.</span> <span class='ocrx_word' id='word_1_220' title='bbox 508 3048 631 3099; x_wconf 83' lang='lat' dir='ltr'>Schmidt</span> <span class='ocrx_word' id='word_1_221' title='bbox 646 3049 679 3099; x_wconf 90' lang='lat' dir='ltr'>de</span> <span class='ocrx_word' id='word_1_222' title='bbox 696 3048 854 3100; x_wconf 86' lang='lat' dir='ltr'>Sebastiano</span> <span class='ocrx_word' id='word_1_223' title='bbox 871 3050 955 3099; x_wconf 89' lang='lat' dir='ltr'>Brant</span> <span class='ocrx_word' id='word_1_224' title='bbox 970 3050 1052 3098; x_wconf 89' lang='lat' dir='ltr'>tradit</span> <span class='ocrx_word' id='word_1_225' title='bbox 1067 3049 1118 3112; x_wconf 84' lang='lat' dir='ltr'>(op.</span> <span class='ocrx_word' id='word_1_226' title='bbox 1135 3050 1193 3111; x_wconf 62' lang='lat' dir='ltr'>cii„</span> <span class='ocrx_word' id='word_1_227' title='bbox 1208 3062 1234 3112; x_wconf 92' lang='lat' dir='ltr'>p.</span> <span class='ocrx_word' id='word_1_228' title='bbox 1249 3047 1376 3109; x_wconf 75' lang='lat' dir='ltr'>tit-iii).</span> 
     </span>
     <span class='ocr_line' id='line_1_27' title="bbox 203 3116 1380 3182; baseline 0.002 -17"><span class='ocrx_word' id='word_1_229' title='bbox 203 3116 304 3167; x_wconf 91' lang='lat' dir='ltr'>lisdem</span> <span class='ocrx_word' id='word_1_230' title='bbox 312 3117 381 3169; x_wconf 90' lang='lat' dir='ltr'>ludis</span> <span class='ocrx_word' id='word_1_231' title='bbox 392 3119 502 3169; x_wconf 86' lang='lat' dir='ltr'>indulsit</span> <span class='ocrx_word' id='word_1_232' title='bbox 512 3119 631 3169; x_wconf 83' lang='lat' dir='ltr'>ioannes</span> <span class='ocrx_word' id='word_1_233' title='bbox 643 3118 795 3179; x_wconf 87' lang='lat' dir='ltr'>Secundus,</span> <span class='ocrx_word' id='word_1_234' title='bbox 807 3120 940 3170; x_wconf 84' lang='lat' dir='ltr'>Flandriae</span> <span class='ocrx_word' id='word_1_235' title='bbox 951 3119 1073 3170; x_wconf 88' lang='lat' dir='ltr'>Tibullus</span> <span class='ocrx_word' id='word_1_236' title='bbox 1084 3118 1182 3179; x_wconf 91' lang='lat' dir='ltr'>dictus,</span> <span class='ocrx_word' id='word_1_237' title='bbox 1193 3119 1249 3182; x_wconf 86' lang='lat' dir='ltr'>qui,</span> <span class='ocrx_word' id='word_1_238' title='bbox 1259 3117 1380 3182; x_wconf 87' lang='lat' dir='ltr'>exempli</span> 
     </span>
     <span class='ocr_line' id='line_1_28' title="bbox 204 3189 1160 3254; baseline 0 -16"><span class='ocrx_word' id='word_1_239' title='bbox 204 3190 299 3252; x_wconf 86' lang='lat' dir='ltr'>gratia,</span> <span class='ocrx_word' id='word_1_240' title='bbox 315 3190 350 3239; x_wconf 88' lang='lat' dir='ltr'>ita</span> <span class='ocrx_word' id='word_1_241' title='bbox 365 3191 548 3254; x_wconf 88' lang='lat' dir='ltr'>parastichide</span> <span class='ocrx_word' id='word_1_242' title='bbox 562 3190 694 3241; x_wconf 83' lang='lat' dir='ltr'>liverardi</span> <span class='ocrx_word' id='word_1_243' title='bbox 708 3191 792 3254; x_wconf 84' lang='lat' dir='ltr'>patris</span> <span class='ocrx_word' id='word_1_244' title='bbox 807 3192 849 3241; x_wconf 89' lang='lat' dir='ltr'>sni</span> <span class='ocrx_word' id='word_1_245' title='bbox 864 3205 964 3241; x_wconf 91' lang='lat' dir='ltr'>nomen</span> <span class='ocrx_word' id='word_1_246' title='bbox 979 3189 1138 3240; x_wconf 87' lang='lat' dir='ltr'>memoravit</span> <span class='ocrx_word' id='word_1_247' title='bbox 1154 3206 1160 3238; x_wconf 91' lang='lat'>:</span> 
     </span>
    </p>
   </div>
   <div class='ocr_carea' id='block_1_6' title="bbox 523 3274 1067 3388">
    <p class='ocr_par' dir='ltr' id='par_1_8' title="bbox 523 3274 1067 3388">
     <span class='ocr_line' id='line_1_29' title="bbox 523 3274 1001 3322; baseline -0.004 -8"><span class='ocrx_word' id='word_1_248' title='bbox 523 3274 628 3314; x_wconf 83' lang='lat' dir='ltr'>Nicoleos</span> <span class='ocrx_word' id='word_1_249' title='bbox 637 3275 702 3313; x_wconf 83' lang='lat' dir='ltr'>vario</span> <span class='ocrx_word' id='word_1_250' title='bbox 710 3275 803 3322; x_wconf 80' lang='lat' dir='ltr'>longum</span> <span class='ocrx_word' id='word_1_251' title='bbox 813 3275 907 3322; x_wconf 68' lang='lat' dir='ltr'>quesita</span> <span class='ocrx_word' id='word_1_252' title='bbox 916 3274 1001 3313; x_wconf 67' lang='lat' dir='ltr'>labori}</span> 
     </span>
     <span class='ocr_line' id='line_1_30' title="bbox 523 3336 1067 3388; baseline -0.002 -14"><span class='ocrx_word' id='word_1_253' title='bbox 523 3337 570 3375; x_wconf 86' lang='lat' dir='ltr'>Ista</span> <span class='ocrx_word' id='word_1_254' title='bbox 579 3336 625 3388; x_wconf 84' lang='lat' dir='ltr'>dat,</span> <span class='ocrx_word' id='word_1_255' title='bbox 635 3341 736 3375; x_wconf 86' lang='lat' dir='ltr'>extrema</span> <span class='ocrx_word' id='word_1_256' title='bbox 742 3337 791 3385; x_wconf 86' lang='lat' dir='ltr'>jam</span> <span class='ocrx_word' id='word_1_257' title='bbox 800 3339 923 3375; x_wconf 83' lang='lat' dir='ltr'>renovante</span> <span class='ocrx_word' id='word_1_258' title='bbox 932 3336 1015 3386; x_wconf 78' lang='lat' dir='ltr'>manv,</span> <span class='ocrx_word' id='word_1_259' title='bbox 1025 3338 1067 3374; x_wconf 85' lang='lat' dir='ltr'>etc.</span> 
     </span>
    </p>
   </div>
   <div class='ocr_carea' id='block_1_7' title="bbox 205 3394 979 3458">
    <p class='ocr_par' dir='ltr' id='par_1_9' title="bbox 205 3394 979 3458">
     <span class='ocr_line' id='line_1_31' title="bbox 205 3394 979 3458; baseline 0.004 -16"><span class='ocrx_word' id='word_1_260' title='bbox 205 3394 331 3456; x_wconf 80' lang='lat' dir='ltr'>(ioannis</span> <span class='ocrx_word' id='word_1_261' title='bbox 345 3397 464 3445; x_wconf 82' lang='lat' dir='ltr'>Secundi</span> <span class='ocrx_word' id='word_1_262' title='bbox 482 3398 581 3458; x_wconf 79' lang='lat' dir='ltr'>Opera,</span> <span class='ocrx_word' id='word_1_263' title='bbox 598 3395 684 3458; x_wconf 80' lang='lat' dir='ltr'>bugd.</span> <span class='ocrx_word' id='word_1_264' title='bbox 701 3395 769 3452; x_wconf 84' lang='lat' dir='ltr'>But,</span> <span class='ocrx_word' id='word_1_265' title='bbox 789 3396 855 3455; x_wconf 81' lang='grc'>1619,</span> <span class='ocrx_word' id='word_1_266' title='bbox 872 3409 897 3458; x_wconf 88' lang='lat' dir='ltr'>p.</span> <span class='ocrx_word' id='word_1_267' title='bbox 918 3396 979 3454; x_wconf 86' lang='grc'>135.)</span> 
     </span>
    </p>
   </div>
   <div class='ocr_carea' id='block_1_8' title="bbox 205 3473 1380 3894">
    <p class='ocr_par' dir='ltr' id='par_1_10' title="bbox 206 3473 1380 3681">
     <span class='ocr_line' id='line_1_32' title="bbox 237 3473 1380 3541; baseline 0 -19"><span class='ocrx_word' id='word_1_268' title='bbox 237 3474 277 3523; x_wconf 86' lang='lat' dir='ltr'>Gi.</span> <span class='ocrx_word' id='word_1_269' title='bbox 302 3486 411 3538; x_wconf 84' lang='lat' dir='ltr'>quoque</span> <span class='ocrx_word' id='word_1_270' title='bbox 435 3475 564 3539; x_wconf 81' lang='lat' dir='ltr'>hymnum</span> <span class='ocrx_word' id='word_1_271' title='bbox 588 3476 673 3525; x_wconf 89' lang='lat' dir='ltr'>nostri</span> <span class='ocrx_word' id='word_1_272' title='bbox 698 3475 725 3523; x_wconf 91' lang='lat' dir='ltr'>in</span> <span class='ocrx_word' id='word_1_273' title='bbox 748 3475 880 3525; x_wconf 89' lang='lat' dir='ltr'>honorem</span> <span class='ocrx_word' id='word_1_274' title='bbox 897 3475 985 3525; x_wconf 89' lang='lat' dir='ltr'>sancti</span> <span class='ocrx_word' id='word_1_275' title='bbox 1009 3476 1125 3527; x_wconf 89' lang='lat' dir='ltr'>Deodati</span> <span class='ocrx_word' id='word_1_276' title='bbox 1149 3473 1380 3541; x_wconf 78' lang='lat' dir='ltr'>qnadragintaet</span> 
     </span>
     <span class='ocr_line' id='line_1_33' title="bbox 206 3544 1378 3610; baseline 0.001 -17"><span class='ocrx_word' id='word_1_277' title='bbox 206 3551 266 3594; x_wconf 87' lang='lat' dir='ltr'>acto</span> <span class='ocrx_word' id='word_1_278' title='bbox 281 3545 406 3595; x_wconf 89' lang='lat' dir='ltr'>versibus</span> <span class='ocrx_word' id='word_1_279' title='bbox 421 3546 562 3609; x_wconf 80' lang='lat' dir='ltr'>scriptum,</span> <span class='ocrx_word' id='word_1_280' title='bbox 579 3560 631 3596; x_wconf 82' lang='lat' dir='ltr'>«ex</span> <span class='ocrx_word' id='word_1_281' title='bbox 645 3560 761 3610; x_wconf 86' lang='lat' dir='ltr'>quorum</span> <span class='ocrx_word' id='word_1_282' title='bbox 776 3546 936 3610; x_wconf 85' lang='lat' dir='ltr'>capitalibus</span> <span class='ocrx_word' id='word_1_283' title='bbox 951 3545 1047 3596; x_wconf 88' lang='lat' dir='ltr'>litteris</span> <span class='ocrx_word' id='word_1_284' title='bbox 1057 3547 1118 3597; x_wconf 89' lang='lat' dir='ltr'>haec</span> <span class='ocrx_word' id='word_1_285' title='bbox 1129 3544 1378 3597; x_wconf 82' lang='lat' dir='ltr'>verberesultant:</span> 
     </span>
     <span class='ocr_line' id='line_1_34' title="bbox 208 3616 1177 3681; baseline 0.003 -21"><span class='ocrx_word' id='word_1_286' title='bbox 208 3633 217 3660; x_wconf 84' lang='lat' dir='ltr'>u</span> <span class='ocrx_word' id='word_1_287' title='bbox 235 3617 334 3665; x_wconf 85' lang='lat' dir='ltr'>Sancte</span> <span class='ocrx_word' id='word_1_288' title='bbox 345 3618 452 3679; x_wconf 78' lang='lat' dir='ltr'>prasci</span> <span class='ocrx_word' id='word_1_289' title='bbox 467 3618 600 3681; x_wconf 77' lang='lat' dir='ltr'>Deodate,</span> <span class='ocrx_word' id='word_1_290' title='bbox 616 3618 755 3668; x_wconf 81' lang='lat' dir='ltr'>intercede</span> <span class='ocrx_word' id='word_1_291' title='bbox 768 3631 819 3680; x_wconf 82' lang='lat' dir='ltr'>pro</span> <span class='ocrx_word' id='word_1_292' title='bbox 834 3616 1040 3678; x_wconf 82' lang='lat' dir='ltr'>iuisflcieiiins.</span> <span class='ocrx_word' id='word_1_293' title='bbox 1056 3621 1150 3668; x_wconf 73' lang='lat' dir='ltr'>Areten.</span> <span class='ocrx_word' id='word_1_294' title='bbox 1167 3635 1177 3663; x_wconf 81' lang='grc'>1</span> 
     </span>
    </p>

    <p class='ocr_par' dir='ltr' id='par_1_11' title="bbox 205 3685 1380 3894">
     <span class='ocr_line' id='line_1_35' title="bbox 235 3685 1379 3752; baseline 0.003 -18"><span class='ocrx_word' id='word_1_295' title='bbox 235 3686 330 3735; x_wconf 82' lang='lat' dir='ltr'>Refert</span> <span class='ocrx_word' id='word_1_296' title='bbox 349 3687 467 3750; x_wconf 85' lang='lat' dir='ltr'>denique</span> <span class='ocrx_word' id='word_1_297' title='bbox 487 3687 518 3736; x_wconf 92' lang='lat' dir='ltr'>D.</span> <span class='ocrx_word' id='word_1_298' title='bbox 536 3686 638 3738; x_wconf 89' lang='lat' dir='ltr'>Calmet</span> <span class='ocrx_word' id='word_1_299' title='bbox 656 3687 737 3749; x_wconf 76' lang='lat' dir='ltr'>iiiiii.</span> <span class='ocrx_word' id='word_1_300' title='bbox 752 3690 897 3750; x_wconf 80' lang='lat' dir='ltr'>lorraine,</span> <span class='ocrx_word' id='word_1_301' title='bbox 913 3701 938 3750; x_wconf 90' lang='lat' dir='ltr'>p.</span> <span class='ocrx_word' id='word_1_302' title='bbox 957 3688 1009 3750; x_wconf 76' lang='lat' dir='ltr'>iti)</span> <span class='ocrx_word' id='word_1_303' title='bbox 1026 3688 1194 3752; x_wconf 85' lang='lat' dir='ltr'>epitaphium</span> <span class='ocrx_word' id='word_1_304' title='bbox 1212 3685 1379 3738; x_wconf 88' lang='lat' dir='ltr'>Richildisa</span> 
     </span>
     <span class='ocr_line' id='line_1_36' title="bbox 206 3757 1380 3824; baseline 0.004 -19"><span class='ocrx_word' id='word_1_305' title='bbox 206 3757 288 3806; x_wconf 91' lang='lat' dir='ltr'>Petro</span> <span class='ocrx_word' id='word_1_306' title='bbox 308 3758 496 3821; x_wconf 86' lang='lat' dir='ltr'>compositum.</span> <span class='ocrx_word' id='word_1_307' title='bbox 516 3757 558 3808; x_wconf 91' lang='lat' dir='ltr'>lbi</span> <span class='ocrx_word' id='word_1_308' title='bbox 579 3758 656 3808; x_wconf 89' lang='lat' dir='ltr'>aliam</span> <span class='ocrx_word' id='word_1_309' title='bbox 677 3758 755 3808; x_wconf 79' lang='lat' dir='ltr'>facile</span> <span class='ocrx_word' id='word_1_310' title='bbox 775 3759 985 3822; x_wconf 88' lang='lat' dir='ltr'>parastichidem</span> <span class='ocrx_word' id='word_1_311' title='bbox 1005 3759 1196 3823; x_wconf 89' lang='lat' dir='ltr'>deprehendes</span> <span class='ocrx_word' id='word_1_312' title='bbox 1212 3772 1296 3824; x_wconf 39' lang='lat' dir='ltr'>,quam</span> <span class='ocrx_word' id='word_1_313' title='bbox 1312 3772 1380 3810; x_wconf 83' lang='lat' dir='ltr'>nus·</span> 
     </span>
     <span class='ocr_line' id='line_1_37' title="bbox 205 3830 1213 3894; baseline 0.003 -18"><span class='ocrx_word' id='word_1_314' title='bbox 205 3842 287 3892; x_wconf 76' lang='lat' dir='ltr'>&lt;piam</span> <span class='ocrx_word' id='word_1_315' title='bbox 301 3831 391 3878; x_wconf 89' lang='lat' dir='ltr'>tamen</span> <span class='ocrx_word' id='word_1_316' title='bbox 406 3833 525 3879; x_wconf 87' lang='lat' dir='ltr'>notatam</span> <span class='ocrx_word' id='word_1_317' title='bbox 539 3830 638 3880; x_wconf 90' lang='lat' dir='ltr'>inveni.</span> <span class='ocrx_word' id='word_1_318' title='bbox 655 3830 748 3880; x_wconf 88' lang='lat' dir='ltr'>Liceat</span> <span class='ocrx_word' id='word_1_319' title='bbox 763 3831 844 3894; x_wconf 81' lang='lat' dir='ltr'>igitur</span> <span class='ocrx_word' id='word_1_320' title='bbox 858 3831 908 3880; x_wconf 86' lang='lat' dir='ltr'>hos</span> <span class='ocrx_word' id='word_1_321' title='bbox 923 3843 1019 3880; x_wconf 87' lang='lat' dir='ltr'>versus</span> <span class='ocrx_word' id='word_1_322' title='bbox 1035 3832 1190 3881; x_wconf 78' lang='lat' dir='ltr'>exscribere</span> <span class='ocrx_word' id='word_1_323' title='bbox 1207 3847 1213 3879; x_wconf 77' lang='grc' dir='ltr'><em>τ</em></span> 
     </span>
    </p>
   </div>
   <div class='ocr_carea' id='block_1_9' title="bbox 470 3908 1082 4518">
    <p class='ocr_par' dir='ltr' id='par_1_12' title="bbox 470 3908 1082 4518">
     <span class='ocr_line' id='line_1_38' title="bbox 549 3908 888 3955; baseline 0.006 -7"><span class='ocrx_word' id='word_1_324' title='bbox 549 3908 586 3950; x_wconf 75' lang='lat' dir='ltr'>Aci</span> <span class='ocrx_word' id='word_1_325' title='bbox 595 3910 719 3955; x_wconf 81' lang='lat' dir='ltr'>Riciiidem</span> <span class='ocrx_word' id='word_1_326' title='bbox 731 3909 888 3950; x_wconf 78' lang='lat' dir='ltr'>li&#39;undnirieem</span> 
     </span>
     <span class='ocr_line' id='line_1_39' title="bbox 575 3972 879 4013; baseline 0.007 -2"><span class='ocrx_word' id='word_1_327' title='bbox 575 3973 648 4012; x_wconf 80' lang='lat' dir='ltr'>Diuus</span> <span class='ocrx_word' id='word_1_328' title='bbox 658 3972 747 4013; x_wconf 78' lang='lat' dir='ltr'>Proeeui</span> <span class='ocrx_word' id='word_1_329' title='bbox 755 3972 879 4013; x_wconf 81' lang='lat' dir='ltr'>Deodatue.</span> 
     </span>
     <span class='ocr_line' id='line_1_40' title="bbox 471 4034 1016 4088; baseline 0.002 -15"><span class='ocrx_word' id='word_1_330' title='bbox 471 4034 532 4074; x_wconf 77' lang='lat' dir='ltr'>Doto</span> <span class='ocrx_word' id='word_1_331' title='bbox 540 4035 668 4076; x_wconf 83' lang='lat' dir='ltr'>Deodatum</span> <span class='ocrx_word' id='word_1_332' title='bbox 676 4045 726 4084; x_wconf 83' lang='lat' dir='ltr'>quie</span> <span class='ocrx_word' id='word_1_333' title='bbox 734 4045 779 4088; x_wconf 84' lang='lat' dir='ltr'>me,</span> <span class='ocrx_word' id='word_1_334' title='bbox 789 4035 908 4086; x_wconf 83' lang='lat' dir='ltr'>Riohildis,</span> <span class='ocrx_word' id='word_1_335' title='bbox 918 4035 1016 4076; x_wconf 77' lang='lat' dir='ltr'>adornes</span> 
     </span>
     <span class='ocr_line' id='line_1_41' title="bbox 497 4097 941 4150; baseline 0.009 -16"><span class='ocrx_word' id='word_1_336' title='bbox 497 4097 604 4146; x_wconf 79' lang='lat' dir='ltr'>Explicet</span> <span class='ocrx_word' id='word_1_337' title='bbox 612 4097 705 4136; x_wconf 81' lang='lat' dir='ltr'>Alsatiae</span> <span class='ocrx_word' id='word_1_338' title='bbox 711 4097 749 4147; x_wconf 79' lang='lat' dir='ltr'>jus</span> <span class='ocrx_word' id='word_1_339' title='bbox 759 4098 880 4138; x_wconf 70' lang='lat' dir='ltr'>comitissa</span> <span class='ocrx_word' id='word_1_340' title='bbox 889 4102 941 4150; x_wconf 80' lang='lat' dir='ltr'>tuae,</span> 
     </span>
     <span class='ocr_line' id='line_1_42' title="bbox 470 4159 1082 4210; baseline 0.003 -13"><span class='ocrx_word' id='word_1_341' title='bbox 470 4159 581 4199; x_wconf 79' lang='lat' dir='ltr'>Bacchica</span> <span class='ocrx_word' id='word_1_342' title='bbox 590 4170 640 4199; x_wconf 85' lang='lat' dir='ltr'>cnm</span> <span class='ocrx_word' id='word_1_343' title='bbox 649 4159 729 4209; x_wconf 73' lang='lat' dir='ltr'>pingui</span> <span class='ocrx_word' id='word_1_344' title='bbox 738 4161 852 4208; x_wconf 85' lang='lat' dir='ltr'>quondam</span> <span class='ocrx_word' id='word_1_345' title='bbox 861 4160 917 4199; x_wconf 86' lang='lat' dir='ltr'>mihi</span> <span class='ocrx_word' id='word_1_346' title='bbox 926 4160 1008 4210; x_wconf 80' lang='lat' dir='ltr'>pocula</span> <span class='ocrx_word' id='word_1_347' title='bbox 1017 4160 1082 4209; x_wconf 76' lang='lat' dir='ltr'>fruge</span> 
     </span>
     <span class='ocr_line' id='line_1_43' title="bbox 496 4221 1021 4272; baseline 0 -12"><span class='ocrx_word' id='word_1_348' title='bbox 496 4221 594 4272; x_wconf 67' lang='lat' dir='ltr'>Legisti,</span> <span class='ocrx_word' id='word_1_349' title='bbox 604 4222 664 4261; x_wconf 88' lang='lat' dir='ltr'>ande</span> <span class='ocrx_word' id='word_1_350' title='bbox 673 4221 734 4260; x_wconf 78' lang='lat' dir='ltr'>sitim</span> <span class='ocrx_word' id='word_1_351' title='bbox 744 4222 792 4261; x_wconf 84' lang='lat' dir='ltr'>vita</span> <span class='ocrx_word' id='word_1_352' title='bbox 801 4222 929 4271; x_wconf 83' lang='lat' dir='ltr'>famemque</span> <span class='ocrx_word' id='word_1_353' title='bbox 939 4223 1021 4262; x_wconf 84' lang='lat' dir='ltr'>domet.</span> 
     </span>
     <span class='ocr_line' id='line_1_44' title="bbox 471 4283 1022 4332; baseline 0.004 -11"><span class='ocrx_word' id='word_1_354' title='bbox 471 4283 501 4322; x_wconf 79' lang='lat' dir='ltr'>At</span> <span class='ocrx_word' id='word_1_355' title='bbox 510 4283 566 4321; x_wconf 88' lang='lat' dir='ltr'>mihi</span> <span class='ocrx_word' id='word_1_356' title='bbox 576 4287 685 4332; x_wconf 79' lang='lat' dir='ltr'>perpetua</span> <span class='ocrx_word' id='word_1_357' title='bbox 695 4284 742 4322; x_wconf 81' lang='lat' dir='ltr'>haee</span> <span class='ocrx_word' id='word_1_358' title='bbox 750 4288 827 4323; x_wconf 84' lang='lat' dir='ltr'>essent</span> <span class='ocrx_word' id='word_1_359' title='bbox 836 4288 860 4323; x_wconf 84' lang='lat' dir='ltr'>ut</span> <span class='ocrx_word' id='word_1_360' title='bbox 870 4285 930 4324; x_wconf 86' lang='lat' dir='ltr'>dona</span> <span class='ocrx_word' id='word_1_361' title='bbox 939 4284 1022 4323; x_wconf 85' lang='lat' dir='ltr'>dedisti</span> 
     </span>
     <span class='ocr_line' id='line_1_45' title="bbox 499 4345 1064 4398; baseline 0.004 -14"><span class='ocrx_word' id='word_1_362' title='bbox 499 4345 554 4396; x_wconf 78' lang='lat' dir='ltr'>itus,</span> <span class='ocrx_word' id='word_1_363' title='bbox 565 4346 671 4396; x_wconf 79' lang='lat' dir='ltr'>decimas,</span> <span class='ocrx_word' id='word_1_364' title='bbox 681 4345 771 4398; x_wconf 79' lang='lat' dir='ltr'>fundos,</span> <span class='ocrx_word' id='word_1_365' title='bbox 781 4345 839 4385; x_wconf 85' lang='lat' dir='ltr'>hanc</span> <span class='ocrx_word' id='word_1_366' title='bbox 848 4350 956 4386; x_wconf 82' lang='lat' dir='ltr'>venerata</span> <span class='ocrx_word' id='word_1_367' title='bbox 965 4347 1064 4386; x_wconf 81' lang='lat' dir='ltr'>domum.</span> 
     </span>
     <span class='ocr_line' id='line_1_46' title="bbox 472 4407 1059 4460; baseline 0.002 -14"><span class='ocrx_word' id='word_1_368' title='bbox 472 4407 517 4446; x_wconf 82' lang='lat' dir='ltr'>Res</span> <span class='ocrx_word' id='word_1_369' title='bbox 528 4408 569 4446; x_wconf 84' lang='lat' dir='ltr'>tibi</span> <span class='ocrx_word' id='word_1_370' title='bbox 579 4408 675 4457; x_wconf 83' lang='lat' dir='ltr'>majores</span> <span class='ocrx_word' id='word_1_371' title='bbox 684 4407 743 4446; x_wconf 82' lang='lat' dir='ltr'>dotis</span> <span class='ocrx_word' id='word_1_372' title='bbox 753 4418 839 4448; x_wconf 85' lang='lat' dir='ltr'>memor</span> <span class='ocrx_word' id='word_1_373' title='bbox 847 4408 943 4458; x_wconf 88' lang='lat' dir='ltr'>impetro</span> <span class='ocrx_word' id='word_1_374' title='bbox 953 4409 1059 4460; x_wconf 81' lang='lat' dir='ltr'>supplex,</span> 
     </span>
     <span class='ocr_line' id='line_1_47' title="bbox 500 4469 954 4518; baseline 0.007 -11"><span class='ocrx_word' id='word_1_375' title='bbox 500 4469 527 4508; x_wconf 86' lang='lat' dir='ltr'>Ut</span> <span class='ocrx_word' id='word_1_376' title='bbox 536 4480 577 4518; x_wconf 88' lang='lat' dir='ltr'>pro</span> <span class='ocrx_word' id='word_1_377' title='bbox 586 4469 681 4509; x_wconf 80' lang='lat' dir='ltr'>terrenis</span> <span class='ocrx_word' id='word_1_378' title='bbox 692 4470 730 4508; x_wconf 87' lang='lat' dir='ltr'>det</span> <span class='ocrx_word' id='word_1_379' title='bbox 738 4470 800 4509; x_wconf 86' lang='lat' dir='ltr'>Deus</span> <span class='ocrx_word' id='word_1_380' title='bbox 810 4475 872 4510; x_wconf 83' lang='lat' dir='ltr'>astra</span> <span class='ocrx_word' id='word_1_381' title='bbox 882 4471 954 4510; x_wconf 72' lang='lat' dir='ltr'>bonta.</span> 
     </span>
    </p>
   </div>
   <div class='ocr_carea' id='block_1_10' title="bbox 234 4536 1031 4600">
    <p class='ocr_par' dir='ltr' id='par_1_13' title="bbox 234 4536 1031 4600">
     <span class='ocr_line' id='line_1_48' title="bbox 234 4536 1031 4600; baseline 0.001 -15"><span class='ocrx_word' id='word_1_382' title='bbox 234 4536 336 4586; x_wconf 82' lang='lat' dir='ltr'>Primus</span> <span class='ocrx_word' id='word_1_383' title='bbox 351 4541 455 4587; x_wconf 90' lang='lat' dir='ltr'>tantum</span> <span class='ocrx_word' id='word_1_384' title='bbox 469 4536 563 4600; x_wconf 83' lang='lat' dir='ltr'>legens</span> <span class='ocrx_word' id='word_1_385' title='bbox 577 4537 689 4596; x_wconf 73' lang='lat' dir='ltr'>litteras</span> <span class='ocrx_word' id='word_1_386' title='bbox 706 4538 821 4588; x_wconf 89' lang='lat' dir='ltr'>habebis</span> <span class='ocrx_word' id='word_1_387' title='bbox 839 4555 844 4585; x_wconf 93' lang='lat'>:</span> <span class='ocrx_word' id='word_1_388' title='bbox 860 4541 901 4588; x_wconf 85' lang='lat' dir='ltr'>De</span> <span class='ocrx_word' id='word_1_389' title='bbox 917 4540 1031 4588; x_wconf 86' lang='lat' dir='ltr'>Biurru.</span> 
     </span>
    </p>
   </div>
   <div class='ocr_carea' id='block_1_11' title="bbox 0 0 1667 5468">
    <p class='ocr_par' dir='ltr' id='par_1_14' title="bbox 0 0 1667 5468">
     <span class='ocr_line' id='line_1_49' title="bbox 0 0 1667 5468; baseline 0 0"><span class='ocrx_word' id='word_1_390' title='bbox 0 0 1667 5468; x_wconf 95' lang='lat' dir='ltr'> </span> 
     </span>
    </p>
   </div>
  </div>
 </body>
</html>
