3306 5468
43 4960 190 5128 'N

750 555 927 627 462..

415 699 462 756 Aa
477 702 588 771 pecoris
601 706 728 771 pastum,
744 707 923 772 surguntque
936 707 1066 756 armenta
1081 717 1243 773 gregesque

411 799 559 871 Lanigeri,
575 800 679 855 vestire
693 801 824 854 homines
839 805 868 855 et
880 817 998 870 pascere
1013 800 1087 854 sueti
1101 801 1122 868 ',
1138 817 1182 871 sq.

301 914 381 988 Quae
401 924 511 977 autem
532 915 772 978 recentioribus
794 917 899 995 poetis
919 917 1085 995 copiosam
1103 914 1297 994 praebuisset
1318 921 1421 977 mate·

251 1021 335 1081 riam
356 1021 493 1099 Alpium
519 1020 710 1102 descriptio,
732 1021 819 1083 hanc
838 1030 950 1084 noster
968 1022 1085 1101 raptim
1106 1030 1136 1083 et
1155 1019 1287 1083 exiliter
1306 1021 1422 1082 adum·

251 1127 362 1189 brasse
377 1127 431 1188 vix
447 1127 514 1189 dici
528 1136 632 1207 potest
648 1149 655 1190 :

290 1295 396 1364 Nona,
412 1295 453 1363 11,
469 1311 497 1352 v.
516 1296 531 1348 1
548 1313 609 1366 sq.:

418 1391 560 1462 Egregius
575 1391 669 1461 bellis,
685 1397 761 1447 terra
777 1392 874 1462 etjam
889 1396 974 1446 notus
990 1391 1020 1445 in
1036 1392 1112 1446 omni

415 1488 550 1543 Proxima
564 1487 707 1543 Sabaudae
723 1495 802 1544 tenet
817 1489 957 1545 Helvetus
973 1489 1080 1560 oppida
1093 1495 1188 1559 terrae,
1204 1506 1249 1560 sq.

296 1647 364 1709 Nec
395 1647 501 1709 multo
524 1647 661 1708 uberius
689 1647 729 1707 de
753 1647 834 1709 urbe
863 1647 956 1727 cujus
986 1647 1095 1709 incola
1116 1653 1184 1708 erat
1198 1645 1330 1709 locutus
1356 1650 1418 1706 est.

251 1751 378 1837 (Narra,
395 1752 437 1833 V,
454 1735 600 1834 380'sq.)

297 1860 377 1934 Quae
404 1859 445 1922 de
470 1859 745 1939 descriptionibus
766 1861 835 1940 jam
858 1860 972 1940 paucis
996 1859 1215 1938 absolvimus,
1239 1857 1356 1919 eadem
1378 1857 1420 1919 de

252 1967 357 2028 nostri
373 1966 617 2028 narrationibus
633 1967 699 2029 dici
720 1978 868 2048 possunt,
887 1967 1006 2046 quibus
1022 1966 1072 2027 vis
1087 1966 1173 2027 inest
1187 1964 1357 2045 quaedam,
1374 1964 1419 2024 iis

254 2076 435 2153 praesertim
454 2092 527 2154 quae
546 2075 662 2154 praelia
680 2075 734 2137 vel
755 2076 947 2137 obsidiones
966 2075 1126 2136 referunt.
1149 2073 1314 2136 Bellicum
1330 2073 1419 2135 cauit

252 2182 419 2244 interdum
431 2183 547 2244 Petrus
558 2189 591 2243 et
606 2182 699 2260 quasi
715 2182 892 2244 fervidiore
907 2182 1030 2260 impetu
1047 2182 1118 2261 rapi
1131 2181 1274 2247 videtur.
1292 2179 1360 2264 Sed
1368 2178 1419 2239 ibi

253 2305 382 2367 quoque
398 2288 428 2348 ei
445 2287 536 2348 deest
552 2288 681 2368 modus,
698 2305 759 2349 nec
774 2289 854 2349 satis
866 2287 1418 2367 diligenterdespexitquaeamare,

257 2411 330 2472 quae
362 2410 516 2472 spernere
545 2394 720 2472 exspectati
749 2394 906 2454 carminis
934 2401 1101 2455 auctorem
1129 2395 1270 2455 deceret.
1295 2390 1421 2454 Omnia

254 2501 387 2581 profusa
414 2501 533 2579 saepius
559 2508 590 2560 et
620 2500 796 2581 indigesta,
827 2501 913 2563 seria
937 2499 1085 2579 illepidis
1105 2501 1191 2581 jocis
1216 2501 1416 2581 intermixta,

254 2606 469 2686 multatisque
484 2607 525 2668 ad
539 2606 696 2668 ultimum
711 2616 872 2671 tumorem
886 2607 1055 2687 perducta,
1066 2615 1103 2669 ut
1120 2607 1244 2669 Lucani
1259 2605 1421 2668 aemulum

254 2713 351 2775 lasile
376 2731 545 2794 agnoscas,
570 2713 675 2775 multa
698 2734 812 2777 rursus
837 2714 969 2777 sordida
984 2721 1014 2775 et
1033 2712 1128 2774 humi
1146 2712 1302 2792 repentia.
1333 2709 1421 2772 Cum

254 2820 350 2900 plura
370 2820 403 2878 in
427 2828 579 2898 promptu
601 2830 686 2880 esset
707 2820 855 2901 exempla
876 2820 933 2883 hic
955 2819 1128 2900 collocare,
1147 2818 1226 2880 satis
1248 2819 1311 2880 erit
1332 2817 1422 2897 apud

255 2928 418 2986 Moratum
439 2942 557 3004 pugnae
572 2925 792 2987 narrationem
809 2944 990 2989 memorare
1006 2921 1132 3009 (Nona,
1151 2924 1199 3005 ll,
1215 2945 1247 2986 v.
1266 2917 1419 3006 ‘to-302),

254 3049 319 3110 qua
333 3032 546 3110 peculiariter
562 3031 653 3093 Petri
669 3033 705 3093 in
720 3034 883 3095 narrando
899 3041 931 3094 et
946 3033 1084 3094 virtutes
1104 3039 1136 3093 et
1150 3032 1230 3095 vitia
1249 3030 1422 3092 illustran-

258 3147 321 3199 tur.
338 3138 435 3200 Libet
448 3138 557 3219 potius
567 3138 736 3218 paulisper
746 3140 781 3202 in
791 3140 856 3201 alio
867 3140 1065 3202 narrationis
1077 3157 1198 3216 genere
1209 3138 1420 3217 commorari,

255 3246 354 3326 quod,
366 3264 558 3326 ¹quanquam
574 3246 678 3308 rarius
695 3248 728 3307 in
745 3248 835 3324 gravi
848 3253 879 3308 et
890 3248 982 3325 episc
994 3247 1136 3325 poemati
1152 3245 1306 3325 occurrit,
1324 3263 1422 3307 cano-

255 3354 324 3414 nici
347 3354 452 3415 nostri
472 3360 581 3419 tamen
603 3354 751 3433 ingenio,
767 3363 803 3414 ut
826 3353 958 3413 credere
978 3352 1070 3432 licet,
1087 3350 1192 3428 magis
1211 3352 1275 3413 fuit
1293 3367 1423 3413 accom-

254 3459 435 3520 modatum.
452 3458 502 3520 De
518 3478 556 3520 ea
571 3459 643 3520 dico
664 3477 736 3539 quae
758 3476 828 3520 rem
849 3456 1026 3519 ridiculam
1046 3459 1098 3519 vel
1121 3476 1160 3518 ex
1176 3457 1339 3518 cotidiana
1354 3457 1424 3518 vita

252 3583 442 3644 expressam
466 3566 603 3641 effingit.
630 3566 671 3625 In
697 3563 862 3647 ejusmodi
887 3563 975 3624 euim
1000 3565 1083 3626 locis
1107 3565 1252 3642 ingenua
1271 3563 1424 3643 quaedam
1456 3555 1459 3558 ⁴

255 3669 424 3731 invenitur
443 3679 474 3730 et
494 3671 599 3731 faceta
618 3670 823 3752 simplicitas,
842 3688 917 3731 cum
934 3671 1005 3750 jam
1024 3670 1193 3732 comoediae
1212 3670 1345 3749 propius
1365 3669 1424 3731 frat

256 3793 334 3854 epos
350 3784 382 3837 et
397 3775 580 3851 legentium
594 3776 722 3836 animos
737 3776 882 3838 relaxare
893 3793 959 3837 non
970 3776 1178 3852 dedignetur.
1196 3775 1290 3836 Mitto
1305 3791 1423 3836 versus

256 3879 375 3958 quibus
395 3880 537 3942 breviter
556 3879 613 3940 sed
636 3881 759 3941 urbane
780 3881 930 3959 pingitur
949 3881 1109 3958 praeconis
1128 3881 1206 3957 luga
1225 3880 1423 3959 trepidantis

255 3995 428 4065 postquam
459 3985 615 4048 Carolum
648 3986 767 4048 Renati
800 3987 935 4048 nomine
968 3987 1009 4048 ad
1042 3995 1205 4049 certamen
1233 3989 1425 4066 provocavit

256 4089 382 4176 (Nona,
400 4092 429 4174 Ι,
448 4112 478 4154 v.
496 4089 640 4154 329-341
652 4089 694 4175 ²),
712 4102 743 4153 et
764 4111 819 4154 eos
839 4093 958 4173 quibus
980 4093 1065 4156 salse
1087 4100 1239 4155 narratur
1256 4094 1422 4174 quomodo

255 4284 467 4293 —..—----

291 4408 312 4462 i.'
329 4410 369 4461 Cf.
386 4411 508 4461 eamdem
528 4411 709 4475 Lotharingiae
729 4400 939 4474 descriptionem
958 4412 1030 4476 apud
1044 4411 1276 4462 d'Hoossoavillc.
1291 4411 1425 4461 {Histoire

260 4482 294 4531 de
309 4483 338 4533 la
358 4482 476 4532 reunion
491 4483 525 4531 da
544 4484 574 4532 ta
587 4485 724 4532 Lorroa'ne
738 4483 755 4531 d
770 4483 800 4531 la
813 4484 930 4546 Franco,
949 4483 1014 4533 1854.
1032 4482 1131 4532 Michel
1145 4480 1228 4546 L'e'vy,
1245 4486 1264 4533 t.
1280 4480 1301 4542 l,
1316 4494 1344 4545 p.
1359 4482 1422 4545 5·6.)

291 4554 314 4604 2.
331 4554 370 4603 Cl.
389 4555 546 4618 Obroniqoe
560 4554 595 4604 dc
610 4557 754 4616 lorraine,
770 4567 829 4617 cap.
845 4553 928 4604 CXV.
