3306 5468
431 703 488 758 Sed
504 720 596 775 neque
611 705 657 758 vel
671 702 756 758 famae
772 705 817 760 vel
832 705 927 759 laudis
940 704 1093 774 amantior,
1110 703 1196 759 immo

431 800 509 855 Ante
525 818 623 856 omnes
640 801 795 856 vehemens
808 803 911 873 palmae
927 801 1074 871 quaesitor,
1091 801 1182 856 utari

429 896 576 967 Magnifiei
590 897 706 951 flamma
721 915 782 953 sese
798 904 970 954 monstraret
984 897 1112 956 honoris.

245 1068 354 1129 Etiam
380 1074 453 1147 post
477 1068 605 1130 cladem
628 1086 694 1131 nou
720 1070 870 1131 animum
885 1070 1115 1131 demittentem
1132 1066 1290 1130 Gerulum
1310 1064 1415 1128 oculis

246 1174 381 1252 subjicit
389 1174 842 1254 poetagalloque·gallinaceo
853 1182 1017 1254 comparat
1027 1175 1097 1255 qui,
1112 1191 1299 1252 quanquam
1309 1173 1415 1234 victus

243 1280 437 1359 viribusque
449 1280 608 1363 defectus,
623 1281 672 1342 nil
679 1281 854 1343 uisiuovas
865 1297 991 1360 pugnas
1002 1288 1038 1367 et
1046 1279 1209 1342 ultionem
1219 1277 1413 1341 meditatur:

281 1455 389 1523 Nunc,
406 1454 448 1522 ΙΙ,
465 1472 493 1511 v.
510 1454 566 1509 789
582 1470 624 1523 sq.
641 1473 648 1508 ι

429 1551 557 1622 Pervigil
571 1569 682 1606 aurorae
700 1568 794 1621 praeco
810 1569 858 1606 rex
871 1551 966 1622 gallus
981 1553 1081 1607 eodem

427 1650 507 1704 More
521 1650 606 1717 redit,
623 1647 750 1702 referens
765 1666 783 1703 a
797 1649 869 1702 duro
884 1656 978 1704 rostra
992 1650 1089 1703 duello

428 1745 593 1817 Languida,
612 1763 677 1799 oum
693 1744 812 1799 nimium
827 1745 896 1802 forti
911 1746 1042 1802 devictus
1054 1745 1166 1800 athlete

429 1848 589 1904 Succubuit
604 1849 738 1919 squalens
754 1850 843 1905 barba
859 1851 1003 1920 cristaque
1024 1855 1169 1921 eruentus,

427 1948 465 2002 Et
479 1949 559 2001 lacer
572 1947 702 2016 implumi
716 1951 810 2001 totum
825 1965 855 2002 se
872 1965 991 2018 corpore
1004 1947 1113 2003 tristem

426 2044 472 2100 Ac
486 2046 593 2099 lassum
609 2046 775 2112 ostendens,
793 2050 879 2100 vento
894 2050 1037 2100 restaurat
1051 2045 1170 2100 anhelas

430 2142 589 2212 Spirituum
605 2143 692 2214 vires,
712 2147 741 2197 ct
755 2159 822 2197 sura
836 2142 957 2196 claudus
971 2146 1092 2211 utraque

426 2243 514 2297 Teste
530 2241 633 2312 probat
648 2247 737 2296 semet
752 2259 838 2312 quam
853 2259 959 2297 saevum
974 2242 1098 2296 evaserit
1111 2240 1241 2308 hostem3

428 2337 491 2393 Neo
507 2338 629 2392 caudam
645 2343 696 2392 aut
710 2355 826 2408 pessum
838 2339 998 2410 pendentes
1011 2338 1134 2393 sustinet
1147 2337 1219 2392 alas.

427 2432 484 2505 Spe
499 2441 595 2488 tamen
611 2433 659 2488 hic
673 2434 787 2490 validus
801 2435 885 2490 laesos
900 2435 1012 2489 ulturus
1026 2435 1149 2489 honores

427 2531 463 2586 Se
478 2535 605 2602 reparat,
623 2532 663 2585 sic
679 2539 785 2602 praesto
801 2533 871 2586 mori
887 2551 938 2587 seu
953 2530 1150 2589 vivercbe110.

239 2699 392 2777 Denique
417 2698 494 2760 vide
518 2717 617 2778 quum
641 2717 717 2761 acer
738 2706 772 2759 ct
791 2700 961 2761 animosus
981 2707 1013 2761 et
1029 2699 1114 2761 alter
1130 2697 1283 2759 Achilles
1298 2697 1333 2757 in
1349 2697 1409 2759 bac

240 2822 391 2884 suprema
412 2805 499 2882 apud
513 2803 687 2866 Jarvillarn
707 2805 919 2868 dimicatione
935 2804 1137 2882 Burgundiae
1153 2806 1218 2866 dux
1231 2812 1383 2883 appareat
1399 2825 1406 2866 :

277 2978 330 3047 VI,
346 2997 375 3035 v.
392 2979 449 3033 519
467 2998 475 3032 ε
493 2977 581 3032 Hunc
595 2995 695 3048 posses
710 2979 813 3034 dixisse
828 2979 931 3035 ducem
946 2996 1101 3050 regemque
1116 2979 1161 3034 vel
1175 2979 1269 3049 ipsum

491 3075 651 3131 Gradivum
663 3093 671 3144 3
685 3092 788 3145 nempe
803 3076 828 3129 is
843 3077 932 3144 solus,
949 3076 1004 3130 uisi
1019 3077 1079 3130 fata
1092 3082 1235 3144 vetarent,

490 3171 569 3226 Mille
585 3171 663 3226 viros
675 3178 791 3242 poterat
804 3172 880 3227 bello
895 3181 1000 3228 terrere
1014 3179 1158 3243 potentes.

277 3265 324 3326 cf.
341 3267 394 3336 VI,
410 3286 440 3323 v.
457 3268 514 3322 521
532 3285 575 3337 sq.
590 3288 597 3338 3
613 3287 643 3326 v.
663 3268 718 3322 709
735 3285 779 3337 sq.

282 3437 492 3499 Exstinctum
506 3453 582 3498 vero
598 3437 686 3498 Mars
701 3402 772 3516 ipse
788 3438 922 3501 funebri
938 3440 1033 3518 quasi
1051 3436 1240 3501 laudatione
1255 3439 1403 3501 extollit:

276 3614 329 3684 vl,
344 3632 374 3672 v.
392 3614 448 3669 786
464 3630 530 3683 sq.:
556 3656 562 3668 .
589 3656 608 3682 .,
622 3654 896 3674 .........
920 3616 968 3670 Tu
981 3615 1049 3672 vitae
1063 3615 1169 3670 finibus
1182 3616 1273 3687 exsul,

486 3709 577 3764 Fama
590 3709 744 3765 immortali
757 3711 841 3766 vivax
857 3711 1037 3767 celebrabere
1052 3729 1173 3783 semper.

489 3806 550 3862 Nec
565 3809 634 3878 quia
648 3827 727 3863 nunc
741 3809 810 3864 vicit
824 3810 882 3863 dux
895 3814 924 3863 te
938 3810 1146 3881 Lothoringus,
1162 3810 1200 3865 ob
1214 3810 1286 3864 illud

486 3904 603 3960 Fortior
617 3909 671 3973 est,
687 3923 787 3960 verum
802 3906 889 3976 longe
902 3907 1015 3962 felicior
1019 3947 1092 3965 ......

317 4024 355 4084 V.
377 4026 433 4080 813
455 4042 498 4095 sq.
513 4044 520 4078 ε
543 4024 628 4090 Quod
640 4031 739 4080 tamen
753 4025 802 4081 hio
816 4026 923 4082 dormis
938 4027 1079 4083 obnoxius
1093 4045 1124 4083 es
1138 4027 1219 4097 mibi,
1234 4028 1313 4098 quod
1327 4033 1355 4082 te

485 4123 547 4180 Nec
563 4123 675 4179 senium
690 4141 744 4178 nec
759 4129 788 4178 te
803 4123 920 4178 morbus
934 4127 1154 4196 consumpserit.
1171 4126 1266 4197 Euge,

484 4221 572 4276 Ferre
587 4222 663 4276 domi
677 4226 796 4276 mortem
813 4222 950 4292 mollique
966 4223 1131 4278 incumbere
1146 4229 1235 4279 strato

485 4318 606 4388 Spectat
620 4319 657 4372 ad
671 4320 805 4390 ignavos,
821 4319 943 4375 animam
959 4321 1010 4375 sed
1024 4321 1143 4375 reddere
1158 4320 1242 4374 Marti

484 4415 544 4471 Sub
561 4416 627 4472 divo
642 4434 742 4488 regum
757 4422 811 4485 est,
828 4418 988 4487 caelumque
1003 4435 1149 4473 accersere
1163 4424 1266 4472 testem

483 4514 630 4585 Depositae
645 4515 676 4569 in
690 4518 798 4587 campis
812 4516 916 4570 animae
931 4518 1060 4587 caeloque
1076 4515 1210 4574 volantis.
