3306 5468
723 544 902 612 „20-

232 696 390 757 emissam
411 694 454 754 sit
473 709 601 772 poema,
618 692 725 773 cujus
744 692 772 753 si
795 691 945 754 Philesio
967 692 1093 772 credas,
1110 693 1250 755 mirifica
1264 711 1405 774 exspec-

229 803 310 864 tatio
336 809 416 862 erat.
445 797 548 880 Cujus
572 799 878 879 procrastinationis
897 818 1028 861 oausam
1051 801 1239 878 conjectura
1263 803 1403 882 assequi

229 908 319 987 licet,
337 906 497 985 cumipse
514 906 629 967 Petrus
644 923 728 985 eam,
746 906 895 984 quamvis
906 906 1137 986 permutares,
1152 924 1212 967 nos
1227 907 1402 969 edocuerit

228 1017 264 1075 in
290 1013 432 1092 epitoma
460 1029 532 1091 quae
561 1013 723 1074 Nauceidr's
750 1011 942 1090 praelocutio
966 1021 1026 1073 est.
1052 1012 1104 1074 lta
1127 1029 1203 1074 vero
1226 1014 1402 1076 exorditur

226 1128 362 1183 noster:
390 1145 406 1176 ι
428 1119 646 1198 antiquitatis
668 1119 893 1179 vetustissima
916 1125 1052 1180 testatur
1071 1119 1253 1181 observatio
1272 1139 1326 1182 res
1346 1121 1399 1181 in·

228 1254 244 1284 «
262 1235 376 1304 gentes
391 1225 525 1287 silentio
547 1242 717 1303 nunquam
742 1233 888 1301 oportere
909 1225 1102 1304 mancipari.
1126 1226 1191 1286 Eas
1210 1226 1306 1287 nobis
1320 1245 1399 1304 pro-

230 1357 246 1388 «
262 1334 401 1412 futuras,
424 1330 589 1407 ergastulo
609 1330 842 1392 taciturnitatis
866 1331 1008 1394 recluso.
1033 1329 1158 1392 Verum
1180 1333 1399 1411 scriptoribus

229 1463 245 1494 ι
262 1440 407 1501 detracta
436 1437 544 1499 exulat
572 1437 674 1497 beatae
705 1436 865 1497 libertatis
897 1439 1033 1499 audacia
1060 1437 1313 1517 reprehensioni
1338 1438 1397 1500 ob·

230 1572 244 1600 ι
262 1546 372 1607 noxia.
394 1543 695 1618 Redintegrandaut
711 1543 848 1621 insuper
858 1544 1030 1606 veritatem
1042 1545 1139 1606 odere
1150 1546 1285 1623 pessimi
1296 1554 1397 1624 atque

229 1678 244 1706 «
262 1651 425 1728 ringentis
440 1650 632 1710 invidentia
650 1650 839 1711 sauciantur
854 1649 977 1730 jaculis
991 1650 1305 1732 auctorespuemine
1320 1651 1396 1713 vul·

229 1781 245 1812 s
262 1766 391 1818 neratos
405 1757 584 1834 sospieute.

273 1889 288 1917 α
306 1864 398 1924 Inter
419 1873 528 1925 autern
548 1872 667 1923 nostrae
688 1863 890 1941 tempestatis
910 1863 1068 1925 historias
1089 1864 1213 1942 scriptu
1233 1881 1396 1927 memora-

229 1996 243 2025 «
262 1979 362 2048 tuque
377 1969 605 2049 dignissimae,
618 1967 843 2030 Illustrissimi
856 1969 977 2031 Renati
987 1970 1028 2031 de
1039 1970 1278 2047 gloriosissimo
1289 1988 1396 2050 quon·

228 2100 243 2130 «
260 2075 335 2136 dam
365 2072 483 2136 Carolo
510 2084 637 2153 partam
662 2076 835 2137 victoriam
860 2079 896 2136 in
920 2076 1127 2159 membranas
1152 2093 1221 2137 non
1243 2077 1396 2156 prodisse

226 2209 241 2238 «
259 2181 408 2262 plerique
423 2183 533 2259 questi
549 2191 637 2243 sunt.

274 2315 288 2343 ι
307 2289 397 2362 Quos
412 2289 451 2348 ad
466 2288 711 2365 querimoniam
733 2289 796 2350 etsi
814 2289 904 2367 justa
924 2289 1003 2350 eatis
1022 2290 1218 2368 provocabat
1238 2289 1394 2366 indigua·

226 2421 244 2449 ι
263 2396 322 2471 tie,
340 2411 394 2454 eos
416 2395 504 2471 ipsos
526 2394 680 2471 temporis
702 2395 805 2455 errori
827 2412 952 2455 morem
974 2411 1086 2472 gerere
1107 2396 1262 2456 decuerat
1282 2403 1394 2457 tamen

231 2526 245 2556 «
263 2518 324 2561 nec
339 2500 495 2560 adversus
508 2501 662 2561 torrentis
680 2500 841 2578 impetum
860 2509 937 2561 tunc
949 2520 1007 2579 par
1022 2511 1090 2562 erat
1100 2502 1196 2564 ulnas
1212 2502 1393 2564 obtendere

228 2630 242 2660 ‹
260 2616 469 2669 contumaces
481 2606 502 2669 ¹.
523 2631 537 2661 >›

268 2711 321 2772 Ibi
337 2731 412 2774 vero
428 2714 598 2773 annotavit
612 2713 632 2773 J
635 2730 757 2774 oannes
773 2713 915 2774 Basinus
933 2736 940 2775 :
961 2740 975 2768 «
1009 2714 1210 2775 Audacia-
1221 2713 1392 2776 Adversus

227 2844 241 2872 ι
261 2819 457 2895 scriptorum
470 2818 642 2878 audaciam
656 2819 879 2880 invidentium
894 2820 1082 2898 principum
1101 2820 1281 2881 obsistebat
1294 2818 1392 2880 mali-

228 2949 242 2977 «
262 2924 417 2986 volentia.
446 2923 541 3004 Nam,
561 2925 711 3001 quamvis
731 2925 895 3003 principes
917 2925 1054 3003 plurimi
1069 2926 1108 2986 de
1132 2944 1208 2987 casu
1229 2926 1393 3005 principis

227 3055 243 3085 a
262 3027 374 3092 Caroli
390 3029 589 3109 laetarentur,
607 3031 647 3090 de
667 3030 771 3105 gloria
792 3039 901 3093 tamen
917 3033 1050 3094 victoris
1066 3033 1215 3094 invidere
1232 3042 1308 3094 tuac
1325 3050 1392 3095 ote-

228 3163 242 3192 «
260 3144 390 3216 perant.
417 3137 486 3198 Nec
511 3137 632 3198 frustra
657 3139 791 3216 scripsit
814 3148 926 3200 noster
950 3138 1133 3201 Sallustius
1158 3149 1229 3219 post
1249 3140 1392 3217 gloriam

227 3269 241 3298 a
258 3245 419 3304 iuvidiam
436 3244 541 3322 sequi.
562 3269 576 3298 »

268 3350 315 3410 Ex
338 3349 413 3411 aliis
441 3367 570 3428 quoque
594 3350 745 3428 epitoma
771 3349 853 3411 locis
879 3351 1056 3430 suspiceris
1085 3353 1212 3413 Renato
1230 3352 1392 3432 quosdam

224 3473 319 3533 reges
341 3455 501 3516 invidisse
523 3455 659 3535 ejusque
685 3455 839 3533 praeclare
862 3457 946 3520 factu
968 3458 1078 3518 verbis
1099 3457 1280 3538 elevasse²;
1303 3459 1393 3521 inter

223 3578 305 3641 quos
322 3561 418 3622 facile
430 3561 633 3622 Ludovicum
645 3560 695 3622 XI
707 3562 959 3624 numeraveris³.
975 3561 1060 3625 Cum
1075 3574 1184 3626 autem
1202 3565 1256 3627 hic
1271 3567 1392 3628 obierit

224 3686 310 3729 auno
332 3665 681 3747 MCCCCLXXXIII,
704 3667 792 3729 haud
814 3668 972 3730 credibile
993 3672 1127 3751 estjam
1148 3680 1216 3733 tum
1236 3673 1392 3750 scriptam

257 3969 279 4018 l.
295 3967 473 4027 P.x1u,x1v‚
491 3970 533 4018 ed.
549 3968 658 4020 Schiitz.

254 4039 279 4088 Q.
298 4056 307 4083 t
327 4038 408 4089 Omni
426 4045 562 4102 praeterea
582 4042 689 4092 dolebat
708 4041 797 4091 invido
813 4043 885 4106 quod
903 4043 1008 4092 Renato
1024 4042 1107 4092 veluti
1122 4057 1192 4092 novo
1208 4042 1319 4093 Herculi
1333 4043 1390 4093 Leo

226 4126 236 4153 a
253 4113 307 4159 tam
322 4114 413 4160 vastus
425 4111 544 4170 cederet,
561 4113 594 4161 ad
605 4116 683 4177 eujus
698 4114 815 4176 rugitum
830 4115 913 4163 totius
928 4115 1045 4178 Europae
1060 4115 1126 4164 silvo
1139 4116 1297 4174 fremuerat,
1311 4116 1390 4165 armi-

226 4198 236 4224 «
252 4185 350 4243 potens
367 4199 389 4241 n,
405 4194 445 4246 sq.
462 4181 492 4231 P.
509 4195 554 4231 xx.
570 4182 678 4233 Schdtz.

254 4252 277 4300 3.
293 4251 363 4301 Vide
378 4267 459 4316 quam
478 4267 573 4317 parum
593 4254 733 4316 magnifice
750 4255 782 4304 de
804 4255 984 4319 Letharingiae
1001 4257 1070 4306 duce
1086 4256 1213 4321 loquatur
1227 4258 1365 4308 Cominius
1382 4277 1388 4308 :

225 4339 235 4366 «
253 4321 292 4372 De
308 4326 369 4373 tous
385 4329 473 4374 costez
489 4339 520 4387 ay
536 4339 588 4374 veu
604 4331 677 4375 ceste
694 4326 796 4375 maison
812 4327 854 4388 (de
872 4328 1042 4391 Bourgogne)
1057 4328 1187 4388 honore'e,
1203 4333 1230 4379 et
1244 4329 1314 4392 puis,
1329 4333 1389 4378 tout

224 4409 235 4436 a
253 4406 287 4441 en
301 4408 338 4441 un
353 4408 433 4458 cotrp,
450 4396 543 4445 cheoir
558 4409 589 4445 ce
605 4410 658 4460 que
673 4396 770 4445 dessus
785 4397 927 4456 dessoubS,
944 4405 971 4448 et
986 4413 1036 4463 par
1050 4399 1075 4448 la
1088 4399 1149 4462 plus
1166 4399 1274 4450 desolee
1291 4406 1318 4450 et
1332 4401 1389 4450 del·

222 4480 235 4582 p
252 4465 332 4584 tapete
344 4466 455 4585 mappa,
467 4471 524 4515 tant
535 4479 569 4515 en
585 4467 682 4516 Prince
693 4466 774 4531 qu'eu
789 4469 919 4532 subjecta,
931 4484 983 4534 que
999 4470 1046 4519 nul
1056 4471 1142 4522 voisiu
1152 4470 1231 4536 qu'ils
1242 4476 1362 4523 eussent.
1376 4490 1386 4517 r

236 4560 253 4583 t.
297 4551 378 4600 ‚cap
437 4577 442 4586 .
