3306 5468
735 566 911 635 ,55-

241 715 355 776 sertim
374 712 480 792 ipsius
499 712 635 790 ingenio
656 713 733 774 satis
755 713 1015 775 accommodatas
1036 711 1208 775 contiones
1229 709 1366 792 affinxit,
1389 729 1407 772 e

239 818 359 896 quibus
383 828 469 880 totus
490 818 614 879 eminet
633 817 698 878 dux
720 818 873 896 snperbia
892 827 1022 880 tumens
1042 825 1074 878 et
1094 818 1220 879 irarum
1245 816 1408 878 fluctuans

240 923 486 989 aestu.·Utinam
502 925 532 986 ei
548 924 667 986 saltem
680 925 874 1003 contigisset
888 920 1171 1003 breviloquentia!

284 1032 426 1093 Delendi
452 1048 581 1110 quoque
601 1037 709 1109 potest
733 1048 787 1092 eas
810 1033 1020 1093 contionesa
1047 1031 1143 1092 Petro
1167 1046 1406 1108 nonnunquam

240 1137 407 1199 adhibitas
421 1154 494 1206 esse
509 1142 547 1197 ut
559 1152 620 1198 nos
632 1154 743 1198 rerum
757 1146 832 1198 ante
847 1145 1013 1213 gestarum
1034 1138 1189 1198 certiores
1204 1136 1338 1197 faceret.
1356 1133 1408 1195 Ita

241 1244 308 1305 fere
329 1244 440 1306 omnia
462 1241 575 1305 Caroli
598 1242 714 1322 praelia
731 1251 763 1305 et
782 1235 1044 1324 oppugnationes
1065 1244 1101 1303 in
1124 1243 1230 1323 ipsius
1259 1240 1407 1304 oratione

242 1358 455 1413 recensentur
478 1345 531 1432 (b.
550 1349 592 1430 V,
611 1370 642 1410 v.
664 1347 843 1433 498-604);
871 1352 905 1411 in
927 1351 988 1412 bac
1010 1356 1121 1412 autem
1142 1350 1279 1410 aMarte
1295 1345 1408 1410 habita

241 1458 372 1520 funebri
386 1456 575 1519 laudatione
594 1466 814 1518 memorantur
832 1465 863 1517 et
881 1455 1101 1518 homicidium
1121 1475 1139 1516 a
1161 1455 1302 1536 donnae,
1324 1455 1406 1517 Bur-

243 1565 427 1642 g'undorum
443 1562 538 1644 duce,
557 1561 598 1623 ad
613 1571 740 1642 portam
755 1563 927 1623 Barbetam
942 1568 1116 1642 patratum,
1135 1571 1167 1622 et
1184 1561 1291 1641 ipsius
1311 1562 1405 1622 ducis

243 1672 278 1732 in
298 1670 401 1733 Yonae
418 1676 515 1748 ponte
531 1669 651 1730 caedes.
669 1664 722 1751 (L.
740 1667 800 1750 Vl,
818 1689 849 1729 v.
868 1663 1040 1751 tte-764.)
1055 1668 1206 1747 Denique
1222 1669 1259 1730 fit
1269 1676 1305 1728 ut
1315 1685 1353 1728 ex
1364 1667 1406 1729 iis

244 1776 461 1855 orationibus,
493 1791 560 1836 non
591 1771 688 1836 aliter
721 1791 819 1852 quam
847 1776 934 1854 apud
963 1771 1164 1835 Sallustium
1192 1773 1404 1855 Liviumque,

243 1881 462 1962 depromenda
484 1881 550 1941 sint
572 1879 664 1941 Petri
684 1881 724 1943 de
747 1881 890 1942 narratis
909 1880 1007 1942 rebus
1023 1866 1164 1959 judicia.
1182 1862 1261 1941 'Duo
1280 1887 1408 1940 tantum

244 1988 392 2067 exempla
411 1987 557 2049 afferam.
576 1986 617 2046 In
632 1987 778 2048 oratione
794 1986 1023 2048 Helvetiorum
1038 1987 1080 2066 ad
1095 1987 1260 2048 Renatum
1275 1984 1407 2063 oblique

243 2093 520 2170 Lotharingorum
535 2080 755 2172 patrocinium
774 2090 953 2171 suscipitur
966 2093 1035 2173 qui,
1052 2091 1085 2152 vi
1104 2092 1222 2180 coacti,
1242 2089 1355 2154 Caroli
1373 2109 1406 2152 se

244 2198 450 2279 dediderunt,
478 2214 665 2278 quanquam
689 2199 725 2258 in
750 2215 864 2259 eorum
888 2198 983 2259 corde
1008 2197 1136 2259 vivebat
1159 2198 1279 2259 Renati
1303 2215 1407 2259 amor.

244 2298 296 2386 (t.
317 2303 363 2383 ll,
387 2323 418 2364 v.
440 2300 505 2364 332
526 2298 591 2386 sq.)
612 2303 701 2364 Audi
720 2310 831 2366 autern
846 2320 944 2382 quam
963 2292 1140 2364 moderatis
1157 2302 1305 2364 consiliis
1325 2302 1408 2363 Bur-

243 2408 429 2486 gundorum
453 2407 617 2471 nobilium
640 2426 696 2471 ore
721 2408 878 2471 Carolnm
903 2427 1037 2471 monere
1063 2408 1213 2470 videatur
1238 2418 1349 2471 noster
1373 2417 1409 2471 ut

244 2514 385 2575 Nanceii
408 2514 615 2578 obsidionem
639 2514 817 2596 relinquat.
846 2514 933 2588 Quot
950 2515 1020 2594 jam
1042 2515 1121 2576 caesi
1145 2513 1296 2576 milites!
1324 2515 1410 2588 Quot

243 2620 408 2700 absumpti
422 2621 550 2682 nummi
566 2618 574 2681 l
591 2621 770 2700 Quousque
785 2621 942 2683 effrenata
957 2639 991 2682 se
1003 2621 1138 2701 jactabit
1151 2619 1308 2683 ambitio!
1398 2656 1400 2660 ν

281 2763 389 2832 Noae,
407 2762 444 2832 V,
460 2781 487 2818 v.
508 2742 563 2818 657
583 2781 589 2815 :

454 2861 530 2930 Quot
544 2860 675 2914 cecidere
688 2865 760 2932 tuae,
776 2861 844 2930 dux,
861 2876 884 2917 o·
894 2865 965 2933 quot
978 2859 1069 2914 millia
1082 2859 1188 2931 gentis,

454 2956 544 3028 Cujus
558 2974 612 3011 nec
626 2974 777 3012 numerum
792 2974 887 3027 curas,
903 2975 957 3013 nec
973 2963 1086 3012 mortua
1100 2958 1205 3028 quaeris

452 3053 599 3110 Nomina?
615 3055 778 3110 Substituee
794 3056 897 3110 occisis
913 3072 1043 3126 corpora,
1060 3055 1150 3124 dices,

452 3151 538 3223 Viva,
555 3170 607 3207 suo
621 3160 725 3231 matres
740 3153 855 3223 parient
868 3169 919 3221 pro
935 3151 1065 3223 principe
1079 3152 1168 3222 fetus,

454 3251 478 3304 tt
493 3249 597 3320 quibus
611 3255 679 3320 apta
693 3251 757 3305 colo
771 3267 849 3320 pars,
865 3249 993 3304 mascula
1008 3250 1113 3306 serviet
1128 3250 1201 3317 cusi,

453 3347 524 3401 Pars
537 3347 650 3404 melior.
665 3346 746 3401 Talis
761 3347 839 3400 durae
857 3352 900 3401 est
914 3348 1058 3401 sententia
1071 3347 1186 3407 frontis.

455 3446 537 3523 Esto,
551 3446 643 3501 velint
656 3446 734 3517 leges
748 3462 845 3516 regem
861 3443 1010 3500 defendier
1025 3445 1103 3499 omni

451 3539 479 3594 A
494 3543 611 3612 populo,
628 3548 716 3612 neget
728 3542 784 3597 hoc
799 3542 852 3596 tibi
866 3560 944 3596 nunc
960 3541 1097 3597 exhausta
1112 3547 1227 3596 tuarum

453 3639 606 3694 Terrarum
619 3641 720 3696 virtus.
736 3640 867 3711 Namque
886 3640 996 3710 optima
1010 3640 1151 3711 sanguine
1169 3641 1260 3709 pubes

452 3738 518 3791 Jam
532 3737 617 3806 periit
629 3737 706 3806 fuso,
722 3737 848 3807 ferrique
862 3737 1016 3807 absumpta
1029 3739 1124 3808 rigore
1140 3744 1194 3792 eet.

459 3876 830 3893 ............
850 3834 877 3888 A
893 3835 1004 3890 civibus
1018 3853 1120 3891 aurum

453 3931 565 4001 Saepius
580 3931 686 3985 exactis
701 3931 808 3986 frustra
821 3933 1032 4002 exspectaveris
1047 3932 1148 4002 ullum,
1165 3949 1208 4003 sq.

286 4064 403 4126 Nonne
428 4064 540 4126 eadem
556 4064 637 4126 olim
658 4065 720 4126 erit
742 4063 858 4126 Galliae
884 4063 1018 4141 querela
1040 4064 1167 4125 civibus
1191 4063 1354 4126 exhaustae
1372 4073 1405 4127 et

240 4170 346 4248 gloria
366 4172 489 4234 satiatae
509 4190 528 4233 a
550 4165 732 4232 recentiore
756 4170 816 4232 illo
840 4171 1103 4250 praestantissimi
1129 4171 1260 4248 ingenii
1283 4172 1404 4232 Teme-

240 4275 366 4340 rario¹?

274 4498 293 4548 l.
311 4496 351 4548 Ne
370 4498 403 4548 ab
423 4512 452 4548 re
472 4497 589 4549 alienum
608 4498 732 4548 videatur
749 4496 794 4547 hic
814 4510 876 4545 cunr
896 4495 990 4546 Carolo
1009 4494 1195 4560 Napoleonem
1216 4494 1403 4560 Icomparuri,

240 4569 443 4618 memorandum
459 4574 499 4619 est
510 4571 565 4634 Jam
585 4583 654 4619 anno
669 4567 853 4618 MDCCCXIV
870 4568 940 4618 hano
956 4567 1125 4618 collationem
1141 4566 1249 4632 oblique
1265 4568 1402 4618 inductam
