3306 5468
639 627 643 634 .
739 559 916 626 -27—

242 709 436 784 occupatur,
467 712 575 767 cetera
603 715 676 768 mcx
706 706 824 786 oppida
854 703 965 768 Caroli
994 705 1095 766 armis
1125 711 1240 782 sponte
1270 704 1403 783 cedunt,

245 812 387 890 exceptis
412 810 599 894 Chermis¹,
620 831 693 892 quae
712 813 855 875 ssammis
875 813 1022 874 traditur.
1047 810 1131 873 Cum
1152 809 1407 888 Spinalensihus

245 917 344 978 etiam
364 925 395 979 et
415 935 492 979 cum
507 918 773 981 Nanceiensibus
793 919 856 980 dux
879 919 914 979 in
934 919 1119 996 pactionem
1138 916 1241 978 venit.
1262 917 1408 978 Renatus'

244 1031 365 1103 autem,
392 1042 467 1085 cum
494 1034 605 1088 contra
633 1033 757 1087 tantam
786 1026 855 1087 vim
876 1042 1042 1087 armorum
1070 1024 1223 1086 resistere
1253 1030 1405 1103 nequeat,

242 1131 382 1208 patriam
397 1132 548 1211 linquere
564 1133 703 1212 cogitur,
719 1139 755 1192 ut
773 1131 897 1192 auxilia
912 1149 930 1191 a
946 1131 1146 1193 Francorum
1161 1147 1237 1206 rege
1253 1139 1405 1210 arcessat,

243 1234 455 1315 Letharingis
478 1245 587 1299 tamen
609 1237 845 1300 dilectissimus
867 1255 1010 1318 semper,
1033 1253 1173 1315 quorum
1192 1237 1252 1296 suh
1277 1242 1408 1313 pectore

243 1342 323 1403 vivit
340 1344 448 1422 prisca
468 1344 561 1405 fides.
583 1343 716 1406 Interea
736 1344 875 1406 Carolus
894 1343 1139 1405 adulationibus
1157 1343 1302 1421 pascitur
1323 1341 1409 1404 etad

243 1465 327 1510 nova
340 1448 429 1510 bella
451 1467 486 1510 se
504 1452 660 1531 accingit,
677 1450 724 1531 pii
743 1450 845 1528 patris
866 1451 1094 1511 institutorum
1115 1449 1251 1532 oblitus,
1273 1449 1405 1510 nescius

243 1572 314 1634 quae
328 1555 398 1634 jam
408 1539 542 1635 jamque
560 1557 624 1619 sihi
639 1566 795 1638 parentur
808 1549 899 1618 fatas

244 1803 315 1864 Lm.
342 1801 389 1863 ll.
413 1838 457 1848 -
482 1806 549 1865 Post
573 1806 686 1866 cladem
710 1807 812 1868 Caroli
830 1807 913 1884 opud
934 1808 1094 1884 Moratum,
1113 1805 1282 1866 Nemetum
1302 1807 1408 1882 recipit

348 1911 479 1971 Henetus
494 1913 557 1988 sed,
574 1913 752 1972 adventante
766 1914 858 1989 hoste,
874 1931 984 1972 rursus
999 1914 1196 1988 Lotheriapie
1211 1913 1298 1972 cedit.

288 2103 329 2165 ln
343 2104 496 2167 Helvetia
510 2125 598 2167 nunc
612 2124 665 2166 res
680 2107 799 2186 agitur,
815 2123 879 2185 quo
898 2115 970 2185 post
992 2106 1119 2168 cladem
1137 2125 1156 2167 a
1179 2104 1298 2167 Carolc
1320 2106 1408 2185 apud
1467 2135 1469 2138 ·

162 2227 165 2233 ·
245 2209 489 2274 Grandisonum
513 2220 690 2293 acceptam,
711 2222 833 2293 quanta
854 2213 998 2274 maxima
1020 2213 1126 2291 potuit
1150 2211 1318 2274 celeritate
1342 2212 1406 2273 Re·

244 2325 339 2379 natus
364 2338 399 2380 se
417 2320 590 2399 proripuit,
613 2337 711 2398 parva
728 2320 908 2381 amicorum
933 2320 1072 2399 stipatus
1093 2320 1239 2401 cohorte,
1265 2321 1406 2381 obsessae

244 2425 318 2486 urhi
342 2424 465 2486 Morate
485 2442 580 2504 opem
603 2425 742 2487 laturus.
770 2425 877 2498 Quem
901 2425 1047 2487 Helvetii
1073 2425 1211 2488 effusius
1236 2435 1406 2506 exceptum

245 2531 403 2594 exercitui
434 2532 630 2611 preficiunt.
646 2532 788 2593 -Exinde
815 2533 967 2610 sequitur
994 2521 1090 2612 apud
1109 2533 1272 2595 Moratum
1298 2532 1406 2612 praelii

245 2638 436 2716 descriptio.
454 2637 583 2711 Quanta
596 2637 645 2699 iti
659 2637 916 2715 Burgundorum
931 2638 1071 2716 strages!
1096 2639 1176 2713 Quae
1197 2648 1229 2700 et
1243 2657 1340 2718 quam
1356 2640 1406 2699 in·

244 2743 361 2806 decora
382 2742 492 2805 Caroli
511 2741 606 2818 fugat
630 2744 737 2816 Quam
757 2744 844 2805 clara
865 2745 1040 2824 impavidae
1054 2746 1162 2822 gentis
1182 2746 1329 2825 victoria,
1348 2763 1405 2824 pro

244 2851 347 2930 patria
361 2848 570 2913 dimicantis!
592 2850 678 2912 Ecce
699 2858 950 2930 perangustum
973 2852 1035 2927 iter
1054 2853 1173 2931 raptim
1193 2852 1309 2932 pedem
1323 2853 1406 2914 rele-

242 2963 351 3018 rentes
367 2956 564 3035 Burgundos
582 2964 704 3019 terrent
717 2958 870 3036 adspecta
884 2959 1005 3019 Renati
1021 2958 1160 3039 vexilla,
1176 2959 1275 3021 multi
1284 2958 1406 3034 gladiis

242 3064 428 3144 caeduntur,
455 3063 566 3141 plures
594 3064 693 3125 etiam
713 3063 805 3125 lacus
829 3063 981 3126 fluctibus
1006 3063 1118 3127 hausti
1143 3075 1292 3145 pereunt.
1321 3063 1406 3125 Cum

241 3188 319 3232 vero
335 3170 500 3231 Renatum
513 3169 688 3231 hortentur
708 3170 852 3232 Helvetii
873 3177 907 3231 ut
927 3171 1181 3246 Letharingiam
1195 3171 1295 3232 armis
1311 3188 1407 3231 recu·

241 3283 333 3354 peret
355 3276 451 3355 eique
475 3274 624 3337 subsidia
648 3275 878 3356 polliceantur,
895 3274 955 3337 ille
978 3296 997 3336 a
1019 3294 1147 3356 quaque
1173 3277 1253 3336 urbe
1278 3275 1405 3354 aliquot

240 3382 365 3443 milites
379 3383 474 3461 legit,
492 3391 651 3460 auctoque
668 3400 708 3442 er
722 3380 879 3444 Alsaticis
896 3383 1052 3463 exercitu,
1070 3383 1111 3444 ad
1129 3381 1269 3444 Nanceii
1283 3383 1406 3442 moenia

239 3489 401 3567 pervenit.
420 3489 599 3568 Postquam
613 3491 743 3566 negavit
763 3489 874 3568 oppidi
896 3489 1070 3568 praefectus
1087 3489 1353 3566 Rubenspratum
1370 3506 1404 3550 se

240 3595 340 3656 fidem
356 3594 474 3657 Carelo
491 3594 599 3656 datam
613 3595 825 3675 violaturum,
842 3596 1001 3676 Renatus,
1017 3604 1184 3674 premente
1196 3595 1401 3674 necessitate,

137 3710 140 3715 ’
241 3702 366 3763 invitus
387 3702 502 3764 urbem
523 3720 615 3762 suam
639 3710 815 3781 oppugnat,
837 3711 868 3763 et
893 3721 951 3763 sua
974 3703 1080 3780 ipsius
1103 3703 1307 3764 munimenta
1331 3718 1403 3780 pro-

240 3826 335 3870 ruere
357 3809 495 3886 cogitur.
520 3808 666 3885 Urgente
692 3809 824 3870 tandem
840 3809 938 3889 lame,
964 3819 1109 3870 ceterum
1128 3809 1245 3871 incolis
1261 3808 1402 3886 diffisus,

240 3916 413 3992 praefectus
428 3915 467 3975 de
482 3914 649 3975 deditione
669 3932 744 3975 cum
764 3914 986 3992 Lethariugiae
1004 3915 1087 3977 duce
1106 3932 1202 3993 agere
1217 3914 1346 3996 incipit,
1365 3932 1402 3974 ea

241 4020 434 4083 condicione
460 4027 496 4081 ut
518 4020 644 4081 milites
667 4037 743 4082 suos
767 4028 797 4082 et
818 4040 871 4082 res
894 4021 958 4083 sihi
982 4021 1142 4083 abducere
1163 4021 1275 4083 liceat.
1294 4021 1402 4082 Moras

240 4134 350 4188 tamen
374 4135 504 4188 nectere
524 4133 640 4207 tentat,
665 4127 768 4188 donec
792 4127 906 4208 Angli,
931 4146 948 4189 e
971 4129 1091 4208 quibus
1111 4128 1260 4207 praesidii
1283 4143 1402 4203 magua

239 4251 315 4312 pars
334 4233 514 4311 constabat,
534 4240 637 4294 ratam
659 4251 730 4294 esse
751 4235 935 4311 pactionem
948 4234 1097 4313 jubeant.
1119 4235 1266 4296 Renatus
1289 4252 1308 4294 a
1332 4234 1398 4293 Ru-

240 4433 448 4440 ——-—--

273 4554 293 4604 l.
311 4572 321 4600 r
339 4553 476 4616 charmes,
492 4556 722 4606 errondissement
737 4542 859 4620 d'Epinel
875 4555 1008 4620 (Vosges).
1026 4574 1036 4601 s
