3306 5468
742 573 924 642 ..39-

248 720 368 801 raptim
379 718 579 781 discedentis
590 726 622 781 et
634 717 875 781 Germanorum
887 720 953 781 cito
964 736 1186 798 compressam
1202 719 1413 798 seditionem,

249 844 394 907 quaenec
406 825 483 887 duci
501 843 562 887 nec
576 826 647 904 ejus
667 827 767 888 sociis
786 824 1032 888 decoraeraut².
1051 825 1148 887 Tacet
1161 827 1283 902 pariter
1297 825 1416 887 Petrus

250 935 290 995 de
304 932 460 993 incendio
474 948 552 1010 quo,
567 930 762 992 Christiano
778 929 888 1012 teste²,
908 929 1022 993 Sancti
1038 919 1170 992 Nicolai
1185 930 1311 1010 equilia
1321 930 1417 993 ducis

249 1040 420 1117 absumpta
435 1043 467 1098 et
483 1055 597 1098 omnes
612 1037 680 1098 lere
693 1039 770 1117 equi
782 1037 916 1098 cremati
927 1042 1022 1116 suut3
1040 1041 1125 1098 tacet
1139 1038 1180 1098 de
1195 1037 1418 1112 redintegrata

250 1145 387 1206 Radone
403 1131 645 1227 (deoc-t'litepe)
662 1144 893 1205 Helvetiorum
909 1140 1124 1204 rebellioue⁸.

294 1249 387 1312 Inter
410 1256 458 1311 tot
482 1251 588 1311 varios
612 1267 706 1310 casus
731 1250 851 1329 quibus
875 1250 995 1311 Reuati
1017 1249 1215 1329 impeditum
1238 1255 1287 1310 est
1306 1249 1371 1309 iter
1386 1255 1418 1309 et

251 1357 396 1418 tardatus
411 1356 565 1435 impetus,
582 1355 672 1416 bunc
687 1364 813 1417 tantum
832 1362 863 1416 et
887 1355 1059 1416 verbosius
1080 1353 1193 1416 retulit
1207 1361 1320 1416 noster
1335 1352 1415 1436 (Ill,

251 1460 316 1524 680
331 1455 409 1545 sep),
427 1462 577 1542 cymbam
593 1461 721 1522 seilicet
737 1480 836 1523 uuam
856 1479 930 1523 eum
945 1461 1112 1522 militibus
1133 1461 1191 1538 qui
1212 1460 1420 1521 vehebantur

250 1570 286 1629 iu
304 1569 444 1631 transitu
458 1567 570 1629 Rheni
590 1568 795 1628 submersam
815 1586 900 1646 esse,
917 1585 981 1646 qua
1003 1567 1246 1644 opportunitate
1263 1566 1369 1627 utitur
1385 1575 1420 1626 ut

250 1675 343 1736 ducis
363 1674 566 1752 intrepidum
586 1673 736 1735 animum
755 1673 892 1734 extollat
910 1691 1052 1752 eumque
1072 1672 1137 1734 soli
1163 1679 1312 1752 exaequet
1332 1680 1419 1733 atras

249 1776 377 1856 fuganti
393 1778 529 1843 nubes⁴.
560 1807 564 1816 ·

294 1886 543 1965 Supervacuum
568 1902 640 1946 esse
664 1884 762 1946 credo
783 1884 851 1946 alia
874 1903 1044 1947 recensere
1068 1902 1141 1964 quae
1164 1883 1282 1947 Petrus
1302 1893 1417 1963 sponte

249 2012 308 2055 sua
322 1994 426 2054 missa
439 1992 518 2053 tecit
533 2010 574 2052 ne
586 1991 645 2052 hos
656 2000 713 2053 aut
724 1990 801 2052 illos
814 1990 977 2071 laederet⁵,
995 2009 1068 2069 quat
1079 1991 1147 2052 tere
1159 1991 1271 2052 omnia
1282 1991 1419 2052 levioris

248 2100 408 2162 momenti
423 2099 539 2161 haberi
555 2098 695 2177 possint.
712 2099 796 2165 Rem
811 2107 921 2159 tamen
936 2117 1035 2160 unam
1053 2099 1213 2178 excipiam
1227 2097 1339 2174 magui
1354 2097 1419 2158 dis·

250 2205 402 2266 oriminis
419 2223 438 2265 0
455 2205 550 2265 Petro
569 2205 838 2284 praetermissam,
858 2204 898 2264 de
918 2223 992 2285 qua,
1015 2222 1090 2265 cum
1109 2203 1259 2280 neglecte
1279 2202 1419 2264 auotori-

249 2313 325 2375 tatis
341 2314 471 2392 alicuid
480 2313 661 2374 narrationi
677 2312 822 2394 deroget,
839 2311 938 2390 paulo
952 2311 1059 2373 fusius
1072 2312 1249 2373 dicendum
1260 2318 1321 2372 est.
1339 2309 1417 2369 Tra·

250 2420 570 2495 duntomuesrernm
578 2420 752 2498 scriptores
762 2435 830 2480 uon
839 2418 999 2480 mediocri
1008 2417 1059 2498 adj
1066 2417 1418 2494 umentoLotbariugis

248 2527 352 2589 fuisse
368 2535 479 2588 notam
494 2525 588 2587 illam
603 2525 735 2587 comitis
755 2524 794 2585 de
817 2523 940 2603 Campo
958 2525 1060 2586 Basso
1079 2532 1154 2586 ante
1170 2541 1313 2604 pugnam
1329 2524 1417 2601 apud

246 2632 422 2694 tertuliani
437 2632 668 2711 proditionem,
686 2648 761 2710 qua,
780 2632 843 2691 etsi
859 2630 914 2691 hic
931 2638 1093 2691 trecentos
1104 2631 1414 2709 admodumequites

246 2746 375 2800 tantum
395 2756 433 2800 ex
455 2736 567 2800 Caroli
587 2738 732 2798 exercitu
748 2736 922 2815 subduxit,
947 2735 1133 2798 factumest
1158 2743 1268 2799 tamen
1282 2743 1319 2797 ut
1334 2736 1413 2798 reli·

246 2845 321 2923 quis
338 2845 528 2921 Bur-gurdis
542 2844 641 2906 timor
657 2843 792 2922 quidam
810 2854 842 2904 et
860 2843 1066 2920 suspiciones
1085 2842 1309 2922 injicerentur.
1323 2843 1414 2905 Pree·

250 3076 460 3087 ——--.---

277 3235 299 3284 1.
315 3234 383 3294 Quae
403 3234 440 3284 ite
459 3233 579 3297 Joanues
599 3231 724 3298 Aloysius
744 3237 836 3284 narrat
851 3234 878 3283 iu
895 3234 993 3284 Renati
1008 3235 1061 3283 vita
1077 3251 1083 3282 :
1101 3252 1111 3278 r
1129 3233 1172 3284 Ob
1188 3236 1260 3298 quod
1276 3235 1371 3286 Corolo
1387 3236 1414 3286 in

246 3305 477 3368 «Lothoringiem
497 3310 633 3363 movente,
654 3306 776 3355 Renetus
796 3305 855 3354 ullis
874 3318 964 3368 neque
980 3306 1014 3356 ab
1034 3305 1197 3369 imperatore
1212 3319 1303 3371 neque
1318 3321 1334 3355 0
1349 3322 1413 3371 rege

247 3375 406 3438 «suppetiis
428 3375 525 3433 missis,
547 3377 722 3426 tumultuario
745 3376 859 3426 collecto
881 3377 1004 3426 exercitu
1026 3377 1052 3426 ei
1073 3377 1107 3427 ad
1129 3374 1245 3426 Pontem
1267 3377 1416 3431 Montiouis

246 3465 255 3491 u
272 3447 405 3496 instructo
419 3447 477 3496 acie
495 3448 623 3496 00000010.
635 3447 689 3497 Sed
705 3447 873 3497 detrectante
889 3460 1006 3511 pugnem
1023 3447 1125 3506 Carolo,
1141 3447 1331 3513 nonnullisque
1350 3448 1416 3499 Ger·

246 3518 358 3567 unionis
378 3519 424 3582 qui
445 3531 507 3567 eum
528 3530 558 3566 eo
578 3518 733 3567 sentiebant
752 3533 768 3567 0
786 3517 837 3567 1010
857 3518 955 3567 Reueti
971 3517 1167 3578 deficientibus,
1188 3518 1295 3569 illorum
1309 3521 1414 3570 veritus

245 3607 255 3634 r
271 3591 419 3653 perfidiam,
435 3590 521 3640 tribus
536 3588 644 3638 milibus
662 3589 870 3639 fortissimorum
885 3587 1072 3639 Helvetiorum
1086 3591 1199 3654 suisque
1215 3591 1355 3655 equitibus
1370 3593 1415 3642 sti·

246 3679 256 3706 r
272 3664 360 3725 patus,
372 3661 429 3710 0010
445 3661 578 3709 instructo
588 3674 650 3708 oum
661 3660 733 3708 omni
748 3664 901 3710 commeatu
916 3663 943 3709 et
959 3660 1090 3709 machinis
1104 3660 1207 3711 bellicis
1222 3676 1272 3726 per
1284 3676 1415 3726 conspec-

245 3748 256 3776 «
272 3735 330 3780 tum
345 3731 464 3780 hostium
478 3727 629 3779 Neneeium
644 3743 705 3778 sese
721 3728 835 3792 recepit.
855 3746 864 3772 t

274 3801 314 3850 Gt.
336 3803 493 3864 chronique
511 3801 698 3862 utilitateque
718 3802 795 3849 entre
812 3801 934 3850 Ioannes
952 3801 1013 3849 Led
1032 3803 1058 3850 et
1081 3801 1220 3863 Ottrettett,
1241 3801 1285 3851 ed.
1309 3801 1409 3865 Cayon,

242 3887 270 3936 p.
285 3873 326 3922 29.

273 3943 297 3992 2.
312 3944 449 4004 Dictoque
464 3946 540 3991 entre
553 3943 675 3991 loannes
689 3942 748 3991 Led
763 3945 788 3991 et
806 3942 944 4003 ebt-ettet,
960 3955 988 4004 0.
1005 3943 1044 3991 32.

250 4056 252 4060 0
272 4016 296 4063 3.
312 4017 460 4076 Dictoque,
477 4020 540 4075 etc,
555 4027 582 4077 p.
598 4014 637 4064 32.

272 4084 296 4135 1.
311 4087 407 4148 banc,
422 4084 471 4143 Ill,
486 4085 533 4135 tta
547 4098 588 4149 sq.
606 4102 612 4132 ι

533 4165 634 4213 Ingentis
643 4165 749 4216 princeps
759 4166 828 4205 enimi
838 4166 872 4204 nil
882 4169 974 4214 questus
984 4166 1013 4206 ad
1023 4178 1101 4206 omnes

533 4229 623 4267 Firmus
633 4228 696 4267 adest
704 4239 778 4280 casus,
788 4229 883 4268 fortunae
893 4232 981 4277 spretor
989 4229 1075 4278 iniquae
1079 4258 1137 4270 .....
1151 4240 1186 4278 sq.

434 4291 473 4332 ’166
484 4300 517 4337 oq.
536 4289 623 4328 'rariter
631 4290 724 4329 illaetum
735 4291 821 4330 moestis
830 4291 951 4339 procedere
961 4291 1027 4330 terris

533 4349 597 4400 Saepe
606 4352 665 4390 diem
675 4355 764 4391 constat
767 4381 853 4393 .......
867 4363 902 4401 sq.

271 4417 294 4466 5.
315 4415 390 4476 Silet,
409 4421 505 4481 utpote
525 4419 682 4479 canonicus,
698 4420 731 4470 de
752 4420 853 4483 Legato
873 4421 1022 4484 apostolico
1043 4420 1110 4469 Sirti
1129 4419 1168 4469 IV
1188 4421 1235 4485 qui
1255 4421 1411 4485 Burgundis

239 4486 347 4538 favebat
362 4492 389 4537 et
405 4488 493 4538 omnio
506 4489 535 4538 in
549 4488 674 4539 Helvetia
687 4490 885 4541 interturbabat
900 4505 935 4541 no
950 4491 987 4541 ibi
1007 4491 1104 4541 milites
1120 4492 1308 4543 conscriberet
1323 4493 1412 4543 Reun-

239 4559 293 4607 000.
309 4557 360 4620 (Cf.
375 4558 509 4610 ,loannem
524 4560 671 4623 aloysium,
687 4563 787 4610 1100000·
802 4562 881 4625 vita.)
