<?xml version="1.0" encoding="UTF-8"?>
<!DOCTYPE html PUBLIC "-//W3C//DTD XHTML 1.0 Transitional//EN"
    "http://www.w3.org/TR/xhtml1/DTD/xhtml1-transitional.dtd">
<html xmlns="http://www.w3.org/1999/xhtml" xml:lang="en" lang="en">
 <head>
  <title>
</title>
<meta http-equiv="Content-Type" content="text/html;charset=utf-8" />
  <meta name='ocr-system' content='tesseract 3.04.00' />
  <meta name='ocr-capabilities' content='ocr_page ocr_carea ocr_par ocr_line ocrx_word'/>
</head>
<body>
  <div class='ocr_page' id='page_1' title='image "./denanceidepetri00collgoog_0128.png"; bbox 0 0 3306 5468; ppageno 0'>
   <div class='ocr_carea' id='block_1_1' title="bbox 727 589 906 659">
    <p class='ocr_par' dir='ltr' id='par_1_1' title="bbox 727 589 906 659">
     <span class='ocr_line' id='line_1_1' title="bbox 727 589 906 659; baseline 0.006 -20"><span class='ocrx_word' id='word_1_1' title='bbox 727 589 906 659; x_wconf 68' lang='grc'><strong>-99-</strong></span> 
     </span>
    </p>
   </div>
   <div class='ocr_carea' id='block_1_2' title="bbox 234 731 1464 1242">
    <p class='ocr_par' dir='ltr' id='par_1_2' title="bbox 234 731 1405 1029">
     <span class='ocr_line' id='line_1_2' title="bbox 237 731 1405 820; baseline 0.004 -27"><span class='ocrx_word' id='word_1_2' title='bbox 237 732 427 814; x_wconf 70' lang='lat' dir='ltr'>Philippos,</span> <span class='ocrx_word' id='word_1_3' title='bbox 446 735 567 797; x_wconf 88' lang='lat' dir='ltr'>Renati</span> <span class='ocrx_word' id='word_1_4' title='bbox 586 736 700 798; x_wconf 84' lang='lat' dir='ltr'>uxoris</span> <span class='ocrx_word' id='word_1_5' title='bbox 719 732 771 820; x_wconf 86' lang='grc' dir='ltr'>(Τ.</span> <span class='ocrx_word' id='word_1_6' title='bbox 796 737 826 816; x_wconf 84' lang='grc' dir='ltr'>Ι,</span> <span class='ocrx_word' id='word_1_7' title='bbox 846 755 880 814; x_wconf 89' lang='lat' dir='ltr'>p.</span> <span class='ocrx_word' id='word_1_8' title='bbox 904 731 959 820; x_wconf 74' lang='lat'>72)</span> <span class='ocrx_word' id='word_1_9' title='bbox 979 736 1074 815; x_wconf 87' lang='lat' dir='ltr'>quasi</span> <span class='ocrx_word' id='word_1_10' title='bbox 1095 753 1259 797; x_wconf 89' lang='lat' dir='ltr'>summam</span> <span class='ocrx_word' id='word_1_11' title='bbox 1277 736 1405 798; x_wconf 82' lang='lat' dir='ltr'>Noncet&#39;·</span> 
     </span>
     <span class='ocr_line' id='line_1_3' title="bbox 234 836 1404 925; baseline 0.003 -25"><span class='ocrx_word' id='word_1_12' title='bbox 234 841 290 900; x_wconf 79' lang='lat' dir='ltr'>dos</span> <span class='ocrx_word' id='word_1_13' title='bbox 314 839 428 918; x_wconf 85' lang='lat' dir='ltr'>paucis</span> <span class='ocrx_word' id='word_1_14' title='bbox 453 841 605 902; x_wconf 81' lang='lat' dir='ltr'>versibus</span> <span class='ocrx_word' id='word_1_15' title='bbox 626 842 852 904; x_wconf 71' lang='lat' dir='ltr'>adumbratam</span> <span class='ocrx_word' id='word_1_16' title='bbox 875 842 1039 904; x_wconf 84' lang='lat' dir='ltr'>invenias.</span> <span class='ocrx_word' id='word_1_17' title='bbox 1068 836 1135 924; x_wconf 86' lang='lat' dir='ltr'>(Cf.</span> <span class='ocrx_word' id='word_1_18' title='bbox 1160 841 1197 902; x_wconf 90' lang='lat' dir='ltr'>L.</span> <span class='ocrx_word' id='word_1_19' title='bbox 1221 841 1250 925; x_wconf 93' lang='lat' dir='ltr'>I,</span> <span class='ocrx_word' id='word_1_20' title='bbox 1272 861 1305 920; x_wconf 90' lang='lat' dir='ltr'>p.</span> <span class='ocrx_word' id='word_1_21' title='bbox 1329 840 1404 922; x_wconf 84' lang='lat'>100,</span> 
     </span>
     <span class='ocr_line' id='line_1_4' title="bbox 235 941 429 1029; baseline 0.005 -23"><span class='ocrx_word' id='word_1_22' title='bbox 235 964 266 1007; x_wconf 92' lang='lat' dir='ltr'>v.</span> <span class='ocrx_word' id='word_1_23' title='bbox 288 941 429 1029; x_wconf 82' lang='lat'>17,18.)</span> 
     </span>
    </p>

    <p class='ocr_par' dir='ltr' id='par_1_3' title="bbox 235 1051 1464 1242">
     <span class='ocr_line' id='line_1_5' title="bbox 282 1051 1464 1134; baseline 0.004 -22"><span class='ocrx_word' id='word_1_24' title='bbox 282 1051 568 1123; x_wconf 83' lang='lat' dir='ltr'>Quemadmodum</span> <span class='ocrx_word' id='word_1_25' title='bbox 585 1072 662 1116; x_wconf 80' lang='lat' dir='ltr'>vero</span> <span class='ocrx_word' id='word_1_26' title='bbox 686 1055 804 1116; x_wconf 87' lang='lat' dir='ltr'>Petrus</span> <span class='ocrx_word' id='word_1_27' title='bbox 825 1055 946 1115; x_wconf 88' lang='lat' dir='ltr'>Renati</span> <span class='ocrx_word' id='word_1_28' title='bbox 973 1071 1095 1132; x_wconf 87' lang='lat' dir='ltr'>equum</span> <span class='ocrx_word' id='word_1_29' title='bbox 1109 1053 1301 1133; x_wconf 84' lang='lat' dir='ltr'>Dominam,</span> <span class='ocrx_word' id='word_1_30' title='bbox 1315 1053 1362 1134; x_wconf 88' lang='lat' dir='ltr'>ita</span> <span class='ocrx_word' id='word_1_31' title='bbox 1376 1062 1409 1116; x_wconf 86' lang='lat' dir='ltr'>ct</span> <span class='ocrx_word' id='word_1_32' title='bbox 1462 1113 1464 1117; x_wconf 81' lang='grc'>,</span> 
     </span>
     <span class='ocr_line' id='line_1_6' title="bbox 235 1158 1361 1242; baseline 0.004 -24"><span class='ocrx_word' id='word_1_33' title='bbox 235 1158 374 1222; x_wconf 84' lang='lat' dir='ltr'>Antonii</span> <span class='ocrx_word' id='word_1_34' title='bbox 390 1178 527 1242; x_wconf 86' lang='lat' dir='ltr'>equum,</span> <span class='ocrx_word' id='word_1_35' title='bbox 546 1161 667 1223; x_wconf 89' lang='lat' dir='ltr'>iisdem</span> <span class='ocrx_word' id='word_1_36' title='bbox 683 1162 848 1224; x_wconf 88' lang='lat' dir='ltr'>interdum</span> <span class='ocrx_word' id='word_1_37' title='bbox 863 1162 973 1224; x_wconf 83' lang='lat' dir='ltr'>verbis</span> <span class='ocrx_word' id='word_1_38' title='bbox 987 1161 1167 1239; x_wconf 84' lang='lat' dir='ltr'>descripsit</span> <span class='ocrx_word' id='word_1_39' title='bbox 1176 1160 1361 1223; x_wconf 87' lang='lat' dir='ltr'>Pilladius:</span> 
     </span>
    </p>
   </div>
   <div class='ocr_carea' id='block_1_3' title="bbox 275 1326 1176 1789">
    <p class='ocr_par' dir='ltr' id='par_1_4' title="bbox 275 1326 1176 1789">
     <span class='ocr_line' id='line_1_7' title="bbox 275 1326 851 1402; baseline 0.003 -20"><span class='ocrx_word' id='word_1_40' title='bbox 275 1326 322 1388; x_wconf 83' lang='lat' dir='ltr'>cf.</span> <span class='ocrx_word' id='word_1_41' title='bbox 340 1330 462 1399; x_wconf 77' lang='lat' dir='ltr'>Rustic,</span> <span class='ocrx_word' id='word_1_42' title='bbox 479 1331 498 1384; x_wconf 92' lang='lat' dir='ltr'>l.</span> <span class='ocrx_word' id='word_1_43' title='bbox 516 1329 541 1401; x_wconf 92' lang='lat' dir='ltr'>I,</span> <span class='ocrx_word' id='word_1_44' title='bbox 558 1348 588 1401; x_wconf 90' lang='lat' dir='ltr'>p.</span> <span class='ocrx_word' id='word_1_45' title='bbox 606 1332 674 1402; x_wconf 83' lang='lat'>166,</span> <span class='ocrx_word' id='word_1_46' title='bbox 691 1349 720 1390; x_wconf 86' lang='lat' dir='ltr'>v.</span> <span class='ocrx_word' id='word_1_47' title='bbox 737 1333 754 1386; x_wconf 88' lang='lat'>8</span> <span class='ocrx_word' id='word_1_48' title='bbox 771 1348 814 1401; x_wconf 82' lang='lat' dir='ltr'>sq.</span> <span class='ocrx_word' id='word_1_49' title='bbox 829 1351 851 1402; x_wconf 43' lang='grc' dir='ltr'>εμ</span> 
     </span>
     <span class='ocr_line' id='line_1_8' title="bbox 447 1429 1176 1499; baseline -0.003 -17"><span class='ocrx_word' id='word_1_50' title='bbox 447 1429 593 1498; x_wconf 81' lang='lat' dir='ltr'>Alipedem</span> <span class='ocrx_word' id='word_1_51' title='bbox 607 1429 763 1484; x_wconf 69' lang='lat' dir='ltr'>conscendit</span> <span class='ocrx_word' id='word_1_52' title='bbox 776 1447 873 1498; x_wconf 78' lang='lat' dir='ltr'>equum</span> <span class='ocrx_word' id='word_1_53' title='bbox 880 1429 1037 1499; x_wconf 81' lang='lat' dir='ltr'>sortemque</span> <span class='ocrx_word' id='word_1_54' title='bbox 1051 1429 1176 1497; x_wconf 81' lang='lat' dir='ltr'>tapetum</span> 
     </span>
     <span class='ocr_line' id='line_1_9' title="bbox 448 1525 1122 1596; baseline 0 -19"><span class='ocrx_word' id='word_1_55' title='bbox 448 1525 566 1596; x_wconf 78' lang='lat' dir='ltr'>Mitipot</span> <span class='ocrx_word' id='word_1_56' title='bbox 573 1544 584 1593; x_wconf 90' lang='lat'>,·</span> <span class='ocrx_word' id='word_1_57' title='bbox 597 1527 647 1580; x_wconf 84' lang='lat' dir='ltr'>ille</span> <span class='ocrx_word' id='word_1_58' title='bbox 659 1532 751 1579; x_wconf 83' lang='lat' dir='ltr'>autem</span> <span class='ocrx_word' id='word_1_59' title='bbox 766 1531 843 1579; x_wconf 78' lang='lat' dir='ltr'>tanto</span> <span class='ocrx_word' id='word_1_60' title='bbox 858 1526 970 1580; x_wconf 81' lang='lat' dir='ltr'>ductore</span> <span class='ocrx_word' id='word_1_61' title='bbox 983 1526 1106 1596; x_wconf 79' lang='lat' dir='ltr'>superbit</span> <span class='ocrx_word' id='word_1_62' title='bbox 1111 1543 1122 1592; x_wconf 88' lang='lat'><em>;</em></span> 
     </span>
     <span class='ocr_line' id='line_1_10' title="bbox 448 1621 1134 1692; baseline -0.003 -16"><span class='ocrx_word' id='word_1_63' title='bbox 448 1623 619 1691; x_wconf 72' lang='lat' dir='ltr'>Inreqoietue</span> <span class='ocrx_word' id='word_1_64' title='bbox 634 1624 704 1676; x_wconf 80' lang='lat' dir='ltr'>enim</span> <span class='ocrx_word' id='word_1_65' title='bbox 717 1622 877 1692; x_wconf 79' lang='lat' dir='ltr'>spumantia</span> <span class='ocrx_word' id='word_1_66' title='bbox 886 1621 974 1692; x_wconf 75' lang='lat' dir='ltr'>freno</span> <span class='ocrx_word' id='word_1_67' title='bbox 987 1622 1134 1689; x_wconf 74' lang='lat' dir='ltr'>remordet,</span> 
     </span>
     <span class='ocr_line' id='line_1_11' title="bbox 449 1719 1076 1789; baseline 0.003 -17"><span class='ocrx_word' id='word_1_68' title='bbox 449 1719 571 1773; x_wconf 76' lang='lat' dir='ltr'>Hionito</span> <span class='ocrx_word' id='word_1_69' title='bbox 585 1721 701 1774; x_wconf 84' lang='lat' dir='ltr'>tremulo</span> <span class='ocrx_word' id='word_1_70' title='bbox 715 1720 810 1772; x_wconf 77' lang='lat' dir='ltr'>ridens</span> <span class='ocrx_word' id='word_1_71' title='bbox 826 1725 852 1772; x_wconf 87' lang='lat' dir='ltr'>et</span> <span class='ocrx_word' id='word_1_72' title='bbox 864 1720 959 1773; x_wconf 82' lang='lat' dir='ltr'>sideru</span> <span class='ocrx_word' id='word_1_73' title='bbox 967 1721 1076 1789; x_wconf 77' lang='lat' dir='ltr'>puteat.</span> 
     </span>
    </p>
   </div>
   <div class='ocr_carea' id='block_1_4' title="bbox 276 1850 1230 2019">
    <p class='ocr_par' dir='ltr' id='par_1_5' title="bbox 276 1850 1230 2019">
     <span class='ocr_line' id='line_1_12' title="bbox 276 1850 1230 1923; baseline -0.001 -19"><span class='ocrx_word' id='word_1_74' title='bbox 276 1850 313 1908; x_wconf 87' lang='lat' dir='ltr'>L.</span> <span class='ocrx_word' id='word_1_75' title='bbox 331 1852 370 1922; x_wconf 95' lang='lat' dir='ltr'>II,</span> <span class='ocrx_word' id='word_1_76' title='bbox 387 1870 418 1923; x_wconf 88' lang='lat' dir='ltr'>p.</span> <span class='ocrx_word' id='word_1_77' title='bbox 435 1853 504 1923; x_wconf 81' lang='lat'>254,</span> <span class='ocrx_word' id='word_1_78' title='bbox 520 1870 549 1909; x_wconf 90' lang='lat' dir='ltr'>v.</span> <span class='ocrx_word' id='word_1_79' title='bbox 566 1852 623 1906; x_wconf 86' lang='lat'>15:</span> <span class='ocrx_word' id='word_1_80' title='bbox 646 1895 653 1910; x_wconf 95' lang='lat'>.</span> <span class='ocrx_word' id='word_1_81' title='bbox 675 1892 683 1909; x_wconf 96' lang='lat'>.</span> <span class='ocrx_word' id='word_1_82' title='bbox 706 1897 713 1910; x_wconf 98' lang='lat'>.</span> <span class='ocrx_word' id='word_1_83' title='bbox 736 1897 742 1910; x_wconf 94' lang='lat'>.</span> <span class='ocrx_word' id='word_1_84' title='bbox 764 1895 771 1909; x_wconf 91' lang='lat'>.</span> <span class='ocrx_word' id='word_1_85' title='bbox 793 1896 800 1909; x_wconf 92' lang='lat'>.</span> <span class='ocrx_word' id='word_1_86' title='bbox 822 1899 827 1911; x_wconf 87' lang='lat'>.</span> <span class='ocrx_word' id='word_1_87' title='bbox 845 1853 895 1921; x_wconf 82' lang='lat' dir='ltr'>qoe&#39;</span> <span class='ocrx_word' id='word_1_88' title='bbox 907 1852 998 1922; x_wconf 80' lang='lat' dir='ltr'>sufflat</span> <span class='ocrx_word' id='word_1_89' title='bbox 1011 1853 1126 1905; x_wconf 76' lang='lat' dir='ltr'>naribos</span> <span class='ocrx_word' id='word_1_90' title='bbox 1142 1867 1230 1904; x_wconf 82' lang='lat' dir='ltr'>aurae</span> 
     </span>
     <span class='ocr_line' id='line_1_13' title="bbox 453 1949 1094 2019; baseline 0.003 -15"><span class='ocrx_word' id='word_1_91' title='bbox 453 1949 657 2018; x_wconf 80' lang='lat' dir='ltr'>Omnieonoque</span> <span class='ocrx_word' id='word_1_92' title='bbox 663 1949 751 2019; x_wconf 78' lang='lat' dir='ltr'>ferox</span> <span class='ocrx_word' id='word_1_93' title='bbox 765 1950 923 2003; x_wconf 81' lang='lat' dir='ltr'>diverberat</span> <span class='ocrx_word' id='word_1_94' title='bbox 938 1967 1006 2003; x_wconf 84' lang='lat' dir='ltr'>aero</span> <span class='ocrx_word' id='word_1_95' title='bbox 1020 1966 1094 2006; x_wconf 88' lang='lat' dir='ltr'>voce.</span> 
     </span>
    </p>
   </div>
   <div class='ocr_carea' id='block_1_5' title="bbox 277 2083 1207 2532">
    <p class='ocr_par' dir='ltr' id='par_1_6' title="bbox 277 2083 1207 2532">
     <span class='ocr_line' id='line_1_14' title="bbox 277 2083 591 2154; baseline -0.003 -17"><span class='ocrx_word' id='word_1_96' title='bbox 277 2084 382 2154; x_wconf 64' lang='lat' dir='ltr'>Nunc„</span> <span class='ocrx_word' id='word_1_97' title='bbox 400 2083 452 2152; x_wconf 89' lang='lat' dir='ltr'>VI,</span> <span class='ocrx_word' id='word_1_98' title='bbox 469 2102 497 2138; x_wconf 91' lang='lat' dir='ltr'>v.</span> <span class='ocrx_word' id='word_1_99' title='bbox 514 2084 591 2137; x_wconf 76' lang='lat'>342:</span> 
     </span>
     <span class='ocr_line' id='line_1_15' title="bbox 450 2177 1154 2250; baseline -0.003 -16"><span class='ocrx_word' id='word_1_100' title='bbox 450 2181 490 2237; x_wconf 90' lang='lat' dir='ltr'>Et</span> <span class='ocrx_word' id='word_1_101' title='bbox 503 2181 611 2236; x_wconf 85' lang='lat' dir='ltr'>cultum</span> <span class='ocrx_word' id='word_1_102' title='bbox 626 2197 656 2235; x_wconf 89' lang='lat' dir='ltr'>se</span> <span class='ocrx_word' id='word_1_103' title='bbox 672 2181 753 2236; x_wconf 89' lang='lat' dir='ltr'>novit</span> <span class='ocrx_word' id='word_1_104' title='bbox 768 2197 871 2250; x_wconf 84' lang='lat' dir='ltr'>equus,</span> <span class='ocrx_word' id='word_1_105' title='bbox 888 2196 999 2234; x_wconf 80' lang='lat' dir='ltr'>sessore</span> <span class='ocrx_word' id='word_1_106' title='bbox 1014 2177 1154 2249; x_wconf 87' lang='lat' dir='ltr'>superbus</span> 
     </span>
     <span class='ocr_line' id='line_1_16' title="bbox 450 2277 1207 2353; baseline 0 -19"><span class='ocrx_word' id='word_1_107' title='bbox 450 2280 636 2353; x_wconf 83' lang='lat' dir='ltr'>Magnanimo</span> <span class='ocrx_word' id='word_1_108' title='bbox 651 2279 751 2335; x_wconf 84' lang='lat' dir='ltr'>subter</span> <span class='ocrx_word' id='word_1_109' title='bbox 765 2285 861 2335; x_wconf 86' lang='lat' dir='ltr'>certus</span> <span class='ocrx_word' id='word_1_110' title='bbox 877 2297 962 2350; x_wconf 90' lang='lat' dir='ltr'>quom</span> <span class='ocrx_word' id='word_1_111' title='bbox 978 2277 1101 2335; x_wconf 85' lang='lat' dir='ltr'>devehat</span> <span class='ocrx_word' id='word_1_112' title='bbox 1116 2295 1207 2348; x_wconf 85' lang='lat' dir='ltr'>armo,</span> 
     </span>
     <span class='ocr_line' id='line_1_17' title="bbox 451 2377 1101 2433; baseline -0.002 -1"><span class='ocrx_word' id='word_1_113' title='bbox 451 2377 491 2432; x_wconf 87' lang='lat' dir='ltr'>Et</span> <span class='ocrx_word' id='word_1_114' title='bbox 505 2378 627 2433; x_wconf 80' lang='lat' dir='ltr'>tremulo</span> <span class='ocrx_word' id='word_1_115' title='bbox 641 2378 737 2432; x_wconf 82' lang='lat' dir='ltr'>ridens</span> <span class='ocrx_word' id='word_1_116' title='bbox 753 2377 868 2432; x_wconf 85' lang='lat' dir='ltr'>hinnitu</span> <span class='ocrx_word' id='word_1_117' title='bbox 883 2377 1001 2432; x_wconf 82' lang='lat' dir='ltr'>naribus</span> <span class='ocrx_word' id='word_1_118' title='bbox 1015 2393 1101 2431; x_wconf 84' lang='lat' dir='ltr'>auras</span> 
     </span>
     <span class='ocr_line' id='line_1_18' title="bbox 451 2473 1144 2532; baseline -0.001 -2"><span class='ocrx_word' id='word_1_119' title='bbox 451 2475 540 2532; x_wconf 80' lang='lat' dir='ltr'>afflat</span> <span class='ocrx_word' id='word_1_120' title='bbox 554 2482 583 2530; x_wconf 90' lang='lat' dir='ltr'>et</span> <span class='ocrx_word' id='word_1_121' title='bbox 597 2475 722 2530; x_wconf 82' lang='lat' dir='ltr'>altisono</span> <span class='ocrx_word' id='word_1_122' title='bbox 739 2475 841 2530; x_wconf 86' lang='lat' dir='ltr'>caelum</span> <span class='ocrx_word' id='word_1_123' title='bbox 856 2473 1069 2530; x_wconf 84' lang='lat' dir='ltr'>transverberat</span> <span class='ocrx_word' id='word_1_124' title='bbox 1084 2490 1144 2529; x_wconf 86' lang='lat' dir='ltr'>ore.</span> 
     </span>
    </p>
   </div>
   <div class='ocr_carea' id='block_1_6' title="bbox 241 2630 1409 2820">
    <p class='ocr_par' dir='ltr' id='par_1_7' title="bbox 241 2630 1409 2820">
     <span class='ocr_line' id='line_1_19' title="bbox 287 2630 1409 2712; baseline -0.004 -16"><span class='ocrx_word' id='word_1_125' title='bbox 287 2633 444 2696; x_wconf 79' lang='lat' dir='ltr'>Conferre</span> <span class='ocrx_word' id='word_1_126' title='bbox 465 2651 596 2712; x_wconf 86' lang='lat' dir='ltr'>quoque</span> <span class='ocrx_word' id='word_1_127' title='bbox 610 2632 689 2695; x_wconf 90' lang='lat' dir='ltr'>licet</span> <span class='ocrx_word' id='word_1_128' title='bbox 704 2652 777 2712; x_wconf 85' lang='lat' dir='ltr'>qnae</span> <span class='ocrx_word' id='word_1_129' title='bbox 794 2633 912 2695; x_wconf 80' lang='lat' dir='ltr'>Petrus</span> <span class='ocrx_word' id='word_1_130' title='bbox 929 2639 960 2694; x_wconf 88' lang='lat' dir='ltr'>et</span> <span class='ocrx_word' id='word_1_131' title='bbox 977 2631 1141 2693; x_wconf 86' lang='lat' dir='ltr'>Pitladius</span> <span class='ocrx_word' id='word_1_132' title='bbox 1156 2633 1196 2694; x_wconf 89' lang='lat' dir='ltr'>de</span> <span class='ocrx_word' id='word_1_133' title='bbox 1214 2630 1334 2693; x_wconf 84' lang='lat' dir='ltr'>Sancto</span> <span class='ocrx_word' id='word_1_134' title='bbox 1350 2630 1409 2692; x_wconf 92' lang='lat' dir='ltr'>Ni·</span> 
     </span>
     <span class='ocr_line' id='line_1_20' title="bbox 241 2741 740 2820; baseline -0.008 -15"><span class='ocrx_word' id='word_1_135' title='bbox 241 2741 332 2805; x_wconf 87' lang='lat' dir='ltr'>eolao</span> <span class='ocrx_word' id='word_1_136' title='bbox 348 2742 388 2803; x_wconf 91' lang='lat' dir='ltr'>de</span> <span class='ocrx_word' id='word_1_137' title='bbox 403 2741 505 2802; x_wconf 87' lang='lat' dir='ltr'>Portu</span> <span class='ocrx_word' id='word_1_138' title='bbox 521 2742 740 2820; x_wconf 82' lang='lat' dir='ltr'>scripserunt:</span> 
     </span>
    </p>
   </div>
   <div class='ocr_carea' id='block_1_7' title="bbox 280 2889 1194 3642">
    <p class='ocr_par' dir='ltr' id='par_1_8' title="bbox 280 2889 811 2961">
     <span class='ocr_line' id='line_1_21' title="bbox 280 2889 811 2961; baseline -0.002 -17"><span class='ocrx_word' id='word_1_139' title='bbox 280 2891 404 2960; x_wconf 68' lang='lat' dir='ltr'>Rustic„</span> <span class='ocrx_word' id='word_1_140' title='bbox 420 2892 441 2947; x_wconf 91' lang='lat' dir='ltr'>l.</span> <span class='ocrx_word' id='word_1_141' title='bbox 458 2889 499 2959; x_wconf 89' lang='lat'>11,</span> <span class='ocrx_word' id='word_1_142' title='bbox 515 2908 544 2961; x_wconf 91' lang='lat' dir='ltr'>p.</span> <span class='ocrx_word' id='word_1_143' title='bbox 562 2890 631 2960; x_wconf 76' lang='lat'>204,</span> <span class='ocrx_word' id='word_1_144' title='bbox 647 2907 675 2945; x_wconf 90' lang='lat' dir='ltr'>v.</span> <span class='ocrx_word' id='word_1_145' title='bbox 694 2890 728 2944; x_wconf 94' lang='lat'>11</span> <span class='ocrx_word' id='word_1_146' title='bbox 746 2907 811 2960; x_wconf 82' lang='lat' dir='ltr'>oq.:</span> 
     </span>
    </p>

    <p class='ocr_par' dir='ltr' id='par_1_9' title="bbox 453 2985 1194 3530">
     <span class='ocr_line' id='line_1_22' title="bbox 453 2985 1070 3057; baseline -0.008 -14"><span class='ocrx_word' id='word_1_147' title='bbox 453 2989 539 3043; x_wconf 80' lang='lat' dir='ltr'>Felice</span> <span class='ocrx_word' id='word_1_148' title='bbox 553 2989 625 3042; x_wconf 78' lang='lat' dir='ltr'>oilla</span> <span class='ocrx_word' id='word_1_149' title='bbox 632 2989 723 3057; x_wconf 83' lang='lat' dir='ltr'>jacet,</span> <span class='ocrx_word' id='word_1_150' title='bbox 739 2989 798 3041; x_wconf 84' lang='lat' dir='ltr'>eolo</span> <span class='ocrx_word' id='word_1_151' title='bbox 814 2985 928 3056; x_wconf 79' lang='lat' dir='ltr'>defensa</span> <span class='ocrx_word' id='word_1_152' title='bbox 937 2992 1070 3056; x_wconf 81' lang='lat' dir='ltr'>patrono,</span> 
     </span>
     <span class='ocr_line' id='line_1_23' title="bbox 453 3076 1194 3158; baseline -0.005 -21"><span class='ocrx_word' id='word_1_153' title='bbox 453 3081 542 3158; x_wconf 86' lang='lat' dir='ltr'>(Nam</span> <span class='ocrx_word' id='word_1_154' title='bbox 554 3084 690 3153; x_wconf 75' lang='lat' dir='ltr'>praedem</span> <span class='ocrx_word' id='word_1_155' title='bbox 703 3085 798 3136; x_wconf 79' lang='lat' dir='ltr'>motem</span> <span class='ocrx_word' id='word_1_156' title='bbox 811 3100 951 3136; x_wconf 79' lang='lat' dir='ltr'>mororum</span> <span class='ocrx_word' id='word_1_157' title='bbox 963 3082 1069 3152; x_wconf 71' lang='lat' dir='ltr'>respuit</span> <span class='ocrx_word' id='word_1_158' title='bbox 1083 3076 1194 3156; x_wconf 74' lang='lat' dir='ltr'>audax)</span> 
     </span>
     <span class='ocr_line' id='line_1_24' title="bbox 453 3179 1118 3252; baseline -0.009 -16"><span class='ocrx_word' id='word_1_159' title='bbox 453 3181 574 3236; x_wconf 81' lang='lat' dir='ltr'>Nomine</span> <span class='ocrx_word' id='word_1_160' title='bbox 583 3179 724 3252; x_wconf 80' lang='lat' dir='ltr'>pontificio</span> <span class='ocrx_word' id='word_1_161' title='bbox 738 3180 811 3233; x_wconf 79' lang='lat' dir='ltr'>cioca</span> <span class='ocrx_word' id='word_1_162' title='bbox 824 3181 874 3249; x_wconf 78' lang='lat' dir='ltr'>qui</span> <span class='ocrx_word' id='word_1_163' title='bbox 885 3186 979 3233; x_wconf 76' lang='lat' dir='ltr'>nervat</span> <span class='ocrx_word' id='word_1_164' title='bbox 992 3180 1118 3248; x_wconf 76' lang='lat' dir='ltr'>inermes,</span> 
     </span>
     <span class='ocr_line' id='line_1_25' title="bbox 460 3274 1190 3346; baseline 0 -15"><span class='ocrx_word' id='word_1_165' title='bbox 460 3276 548 3339; x_wconf 79' lang='lat' dir='ltr'>Quam</span> <span class='ocrx_word' id='word_1_166' title='bbox 562 3276 679 3331; x_wconf 78' lang='lat' dir='ltr'>Portum</span> <span class='ocrx_word' id='word_1_167' title='bbox 693 3281 797 3330; x_wconf 78' lang='lat' dir='ltr'>veteres</span> <span class='ocrx_word' id='word_1_168' title='bbox 806 3277 902 3346; x_wconf 75' lang='lat' dir='ltr'>pre&#39;eco</span> <span class='ocrx_word' id='word_1_169' title='bbox 916 3275 1072 3346; x_wconf 65' lang='lat' dir='ltr'>cognomine</span> <span class='ocrx_word' id='word_1_170' title='bbox 1085 3274 1190 3331; x_wconf 80' lang='lat' dir='ltr'>dieunt.</span> 
     </span>
     <span class='ocr_line' id='line_1_26' title="bbox 456 3372 1062 3446; baseline -0.008 -16"><span class='ocrx_word' id='word_1_171' title='bbox 456 3375 585 3446; x_wconf 73' lang='lat' dir='ltr'>Respicit</span> <span class='ocrx_word' id='word_1_172' title='bbox 599 3375 671 3428; x_wconf 80' lang='lat' dir='ltr'>Eoie</span> <span class='ocrx_word' id='word_1_173' title='bbox 683 3373 812 3427; x_wconf 72' lang='lat' dir='ltr'>Nemeto</span> <span class='ocrx_word' id='word_1_174' title='bbox 825 3390 880 3425; x_wconf 80' lang='lat' dir='ltr'>non</span> <span class='ocrx_word' id='word_1_175' title='bbox 889 3374 991 3443; x_wconf 75' lang='lat' dir='ltr'>procul</span> <span class='ocrx_word' id='word_1_176' title='bbox 1005 3372 1062 3425; x_wconf 83' lang='lat' dir='ltr'>orie</span> 
     </span>
     <span class='ocr_line' id='line_1_27' title="bbox 455 3473 654 3530; baseline 0.01 -3"><span class='ocrx_word' id='word_1_177' title='bbox 455 3473 563 3527; x_wconf 81' lang='lat' dir='ltr'>Moenia</span> <span class='ocrx_word' id='word_1_178' title='bbox 567 3514 654 3530; x_wconf 86' lang='lat'>.....</span> 
     </span>
    </p>

    <p class='ocr_par' dir='ltr' id='par_1_10' title="bbox 324 3565 1111 3642">
     <span class='ocr_line' id='line_1_28' title="bbox 324 3565 1111 3642; baseline -0.005 -16"><span class='ocrx_word' id='word_1_179' title='bbox 324 3571 361 3629; x_wconf 91' lang='lat' dir='ltr'>V.</span> <span class='ocrx_word' id='word_1_180' title='bbox 379 3572 417 3626; x_wconf 79' lang='lat'>20</span> <span class='ocrx_word' id='word_1_181' title='bbox 437 3590 443 3624; x_wconf 73' lang='grc' dir='ltr'><strong><em>ε</em></strong></span> <span class='ocrx_word' id='word_1_182' title='bbox 460 3571 565 3642; x_wconf 75' lang='lat' dir='ltr'>Myrea</span> <span class='ocrx_word' id='word_1_183' title='bbox 573 3568 674 3640; x_wconf 84' lang='lat' dir='ltr'>fuerat</span> <span class='ocrx_word' id='word_1_184' title='bbox 687 3575 799 3622; x_wconf 71' lang='lat' dir='ltr'>canctus</span> <span class='ocrx_word' id='word_1_185' title='bbox 812 3568 976 3638; x_wconf 79' lang='lat' dir='ltr'>quipraeeot</span> <span class='ocrx_word' id='word_1_186' title='bbox 991 3567 1020 3619; x_wconf 80' lang='lat' dir='ltr'>in</span> <span class='ocrx_word' id='word_1_187' title='bbox 1033 3565 1111 3622; x_wconf 83' lang='lat' dir='ltr'>orbe.</span> 
     </span>
    </p>
   </div>
   <div class='ocr_carea' id='block_1_8' title="bbox 287 3702 1306 4159">
    <p class='ocr_par' dir='ltr' id='par_1_11' title="bbox 287 3702 1306 4159">
     <span class='ocr_line' id='line_1_29' title="bbox 287 3702 646 3773; baseline -0.008 -15"><span class='ocrx_word' id='word_1_188' title='bbox 287 3704 395 3773; x_wconf 67' lang='lat' dir='ltr'>Nono„</span> <span class='ocrx_word' id='word_1_189' title='bbox 411 3703 465 3772; x_wconf 91' lang='lat' dir='ltr'>VI,</span> <span class='ocrx_word' id='word_1_190' title='bbox 481 3721 510 3761; x_wconf 90' lang='lat' dir='ltr'>v.</span> <span class='ocrx_word' id='word_1_191' title='bbox 530 3702 565 3757; x_wconf 84' lang='grc'>69</span> <span class='ocrx_word' id='word_1_192' title='bbox 581 3719 646 3772; x_wconf 85' lang='lat' dir='ltr'>sq.:</span> 
     </span>
     <span class='ocr_line' id='line_1_30' title="bbox 458 3792 1246 3870; baseline -0.013 -14"><span class='ocrx_word' id='word_1_193' title='bbox 458 3801 512 3856; x_wconf 88' lang='lat' dir='ltr'>Est</span> <span class='ocrx_word' id='word_1_194' title='bbox 526 3817 616 3870; x_wconf 85' lang='lat' dir='ltr'>prope</span> <span class='ocrx_word' id='word_1_195' title='bbox 630 3797 801 3866; x_wconf 84' lang='lat' dir='ltr'>Nanceiam,</span> <span class='ocrx_word' id='word_1_196' title='bbox 817 3813 918 3866; x_wconf 84' lang='lat' dir='ltr'>passus</span> <span class='ocrx_word' id='word_1_197' title='bbox 933 3797 970 3850; x_wconf 85' lang='lat' dir='ltr'>ad</span> <span class='ocrx_word' id='word_1_198' title='bbox 984 3796 1061 3850; x_wconf 89' lang='lat' dir='ltr'>milla</span> <span class='ocrx_word' id='word_1_199' title='bbox 1075 3792 1131 3863; x_wconf 80' lang='lat' dir='ltr'>bis,</span> <span class='ocrx_word' id='word_1_200' title='bbox 1148 3792 1246 3849; x_wconf 82' lang='lat' dir='ltr'>urbem</span> 
     </span>
     <span class='ocr_line' id='line_1_31' title="bbox 460 3892 1089 3965; baseline -0.014 -11"><span class='ocrx_word' id='word_1_201' title='bbox 460 3901 523 3953; x_wconf 86' lang='lat' dir='ltr'>Eoo</span> <span class='ocrx_word' id='word_1_202' title='bbox 539 3898 682 3952; x_wconf 85' lang='lat' dir='ltr'>accedens</span> <span class='ocrx_word' id='word_1_203' title='bbox 697 3911 790 3965; x_wconf 85' lang='lat' dir='ltr'>pagus</span> <span class='ocrx_word' id='word_1_204' title='bbox 804 3894 854 3964; x_wconf 91' lang='lat' dir='ltr'>qui</span> <span class='ocrx_word' id='word_1_205' title='bbox 867 3893 982 3949; x_wconf 86' lang='lat' dir='ltr'>nomine</span> <span class='ocrx_word' id='word_1_206' title='bbox 995 3892 1089 3947; x_wconf 87' lang='lat' dir='ltr'>dictus</span> 
     </span>
     <span class='ocr_line' id='line_1_32' title="bbox 463 3989 1306 4062; baseline -0.013 -11"><span class='ocrx_word' id='word_1_207' title='bbox 463 3995 539 4051; x_wconf 92' lang='lat' dir='ltr'>Olim</span> <span class='ocrx_word' id='word_1_208' title='bbox 554 3994 671 4062; x_wconf 85' lang='lat' dir='ltr'>Portus,</span> <span class='ocrx_word' id='word_1_209' title='bbox 685 3992 774 4048; x_wconf 87' lang='lat' dir='ltr'>habet</span> <span class='ocrx_word' id='word_1_210' title='bbox 789 4010 866 4046; x_wconf 89' lang='lat' dir='ltr'>nune</span> <span class='ocrx_word' id='word_1_211' title='bbox 880 3992 938 4048; x_wconf 87' lang='lat' dir='ltr'>divi</span> <span class='ocrx_word' id='word_1_212' title='bbox 954 3989 1071 4045; x_wconf 86' lang='lat' dir='ltr'>nomina</span> <span class='ocrx_word' id='word_1_213' title='bbox 1083 3989 1184 4060; x_wconf 83' lang='lat' dir='ltr'>patris.</span> <span class='ocrx_word' id='word_1_214' title='bbox 1198 4030 1225 4046; x_wconf 92' lang='lat'>..</span> <span class='ocrx_word' id='word_1_215' title='bbox 1304 3995 1306 3998; x_wconf 83' lang='lat'>&#39;</span> 
     </span>
     <span class='ocr_line' id='line_1_33' title="bbox 463 4087 1191 4159; baseline -0.014 -10"><span class='ocrx_word' id='word_1_216' title='bbox 463 4094 532 4149; x_wconf 86' lang='lat' dir='ltr'>Non</span> <span class='ocrx_word' id='word_1_217' title='bbox 544 4093 634 4148; x_wconf 89' lang='lat' dir='ltr'>habet</span> <span class='ocrx_word' id='word_1_218' title='bbox 647 4092 672 4147; x_wconf 85' lang='lat' dir='ltr'>is</span> <span class='ocrx_word' id='word_1_219' title='bbox 686 4108 808 4147; x_wconf 84' lang='lat' dir='ltr'>murum.</span> <span class='ocrx_word' id='word_1_220' title='bbox 826 4089 894 4145; x_wconf 89' lang='lat' dir='ltr'>Solo</span> <span class='ocrx_word' id='word_1_221' title='bbox 909 4087 1072 4144; x_wconf 86' lang='lat' dir='ltr'>defenditur</span> <span class='ocrx_word' id='word_1_222' title='bbox 1086 4089 1172 4159; x_wconf 87' lang='lat' dir='ltr'>hujus</span> <span class='ocrx_word' id='word_1_223' title='bbox 1188 4134 1191 4139; x_wconf 93' lang='lat'>.</span> 
     </span>
    </p>
   </div>
   <div class='ocr_carea' id='block_1_9' title="bbox 336 4188 1128 4354">
    <p class='ocr_par' dir='ltr' id='par_1_12' title="bbox 336 4188 1128 4354">
     <span class='ocr_line' id='line_1_34' title="bbox 464 4188 833 4261; baseline -0.003 -14"><span class='ocrx_word' id='word_1_224' title='bbox 464 4191 616 4247; x_wconf 73' lang='lat' dir='ltr'>Pontificio</span> <span class='ocrx_word' id='word_1_225' title='bbox 632 4188 722 4261; x_wconf 87' lang='lat' dir='ltr'>digito</span> <span class='ocrx_word' id='word_1_226' title='bbox 727 4230 833 4246; x_wconf 89' lang='grc'><strong>......</strong></span> 
     </span>
     <span class='ocr_line' id='line_1_35' title="bbox 336 4280 1128 4354; baseline -0.015 -7"><span class='ocrx_word' id='word_1_227' title='bbox 336 4311 366 4351; x_wconf 84' lang='lat' dir='ltr'>v.</span> <span class='ocrx_word' id='word_1_228' title='bbox 384 4291 422 4345; x_wconf 83' lang='lat'>34</span> <span class='ocrx_word' id='word_1_229' title='bbox 441 4309 448 4344; x_wconf 90' lang='lat'><strong>:</strong></span> <span class='ocrx_word' id='word_1_230' title='bbox 471 4331 712 4348; x_wconf 88' lang='lat'>.........</span> <span class='ocrx_word' id='word_1_231' title='bbox 729 4285 862 4341; x_wconf 83' lang='lat' dir='ltr'>Mirrheae</span> <span class='ocrx_word' id='word_1_232' title='bbox 878 4283 983 4354; x_wconf 86' lang='lat' dir='ltr'>praesul</span> <span class='ocrx_word' id='word_1_233' title='bbox 997 4289 1026 4338; x_wconf 91' lang='lat' dir='ltr'>et</span> <span class='ocrx_word' id='word_1_234' title='bbox 1040 4280 1128 4337; x_wconf 83' lang='lat' dir='ltr'>urbis.</span> 
     </span>
    </p>
   </div>
   <div class='ocr_carea' id='block_1_10' title="bbox 250 4448 1420 4644">
    <p class='ocr_par' dir='ltr' id='par_1_13' title="bbox 250 4448 1420 4644">
     <span class='ocr_line' id='line_1_36' title="bbox 296 4448 1420 4539; baseline -0.012 -19"><span class='ocrx_word' id='word_1_235' title='bbox 296 4459 338 4520; x_wconf 93' lang='lat' dir='ltr'>In</span> <span class='ocrx_word' id='word_1_236' title='bbox 361 4466 501 4539; x_wconf 80' lang='lat' dir='ltr'>utroque</span> <span class='ocrx_word' id='word_1_237' title='bbox 526 4465 676 4536; x_wconf 88' lang='lat' dir='ltr'>poemate</span> <span class='ocrx_word' id='word_1_238' title='bbox 700 4453 802 4515; x_wconf 80' lang='lat' dir='ltr'>armis</span> <span class='ocrx_word' id='word_1_239' title='bbox 824 4459 900 4514; x_wconf 87' lang='lat' dir='ltr'>ante</span> <span class='ocrx_word' id='word_1_240' title='bbox 924 4449 1076 4530; x_wconf 84' lang='lat' dir='ltr'>praeiium</span> <span class='ocrx_word' id='word_1_241' title='bbox 1099 4468 1118 4511; x_wconf 94' lang='lat' dir='ltr'>a</span> <span class='ocrx_word' id='word_1_242' title='bbox 1141 4449 1222 4511; x_wconf 89' lang='lat' dir='ltr'>duco</span> <span class='ocrx_word' id='word_1_243' title='bbox 1242 4448 1420 4524; x_wconf 79' lang='lat' dir='ltr'>cinguntur</span> 
     </span>
     <span class='ocr_line' id='line_1_37' title="bbox 250 4566 390 4644; baseline -0.007 -18"><span class='ocrx_word' id='word_1_244' title='bbox 250 4566 390 4644; x_wconf 88' lang='lat' dir='ltr'>equites.</span> 
     </span>
    </p>
   </div>
   <div class='ocr_carea' id='block_1_11' title="bbox 0 0 1658 5468">
    <p class='ocr_par' dir='ltr' id='par_1_14' title="bbox 0 0 1658 5468">
     <span class='ocr_line' id='line_1_38' title="bbox 0 0 1658 5468; baseline 0 2"><span class='ocrx_word' id='word_1_245' title='bbox 0 0 1658 5468; x_wconf 95' lang='lat' dir='ltr'> </span> 
     </span>
    </p>
   </div>
  </div>
 </body>
</html>
