3306 5468
745 603 911 673 „31-

242 773 318 816 cnm
334 751 509 833 sepulchro
525 753 720 816 condiderit.
746 751 819 825 Quo
839 753 985 831 apertius
1000 759 1108 814 autem
1125 759 1252 829 gratnm
1273 750 1405 813 (llrristo

239 863 388 922 animum
411 859 554 922 declaret
577 860 736 940 Henetus,
753 859 886 920 Judaens
907 877 1021 920 ornnes
1042 877 1059 920 e
1083 857 1252 938 provincia
1274 877 1333 920 sna
1351 876 1404 919 ex-

240 965 347 1044 pellit.
1107 1017 1114 1031 .

287 1071 421 1133 Claudit
443 1089 524 1149 opus
545 1079 635 1132 vates
655 1078 826 1150 postquam
852 1071 956 1132 Musis
976 1070 1132 1131 valedixit
1155 1078 1185 1132 et
1205 1088 1320 1131 rursus
1341 1069 1406 1131 sin-

240 1197 314 1239 cera
330 1179 394 1240 lide
410 1198 429 1239 a
444 1196 477 1240 se
494 1178 647 1256 scriptam
663 1194 735 1238 esse
751 1179 932 1239 Nancez'devn
945 1177 1154 1238 asseveravit.

286 1285 438 1346 Breviter
457 1285 605 1346 contraxi
625 1284 773 1362 singulas
793 1283 954 1363 poematis
973 1293 1093 1372 partes,
1111 1284 1168 1345 sed
1186 1284 1231 1345 ita
1247 1293 1354 1345 tamen
1368 1294 1405 1344 ut

241 1410 260 1452 a
275 1393 379 1468 prima
392 1391 500 1453 fronte
515 1391 658 1452 intuenti
671 1390 797 1468 liqueat
810 1409 829 1450 a
843 1390 942 1452 Petro
957 1407 1069 1451 rerum
1082 1398 1247 1466 gestarum
1255 1389 1404 1450 ordinem

240 1498 312 1576 pari
334 1515 448 1575 gressu
471 1506 635 1558 servatum
656 1515 728 1559 esse
747 1504 778 1558 et
798 1495 973 1573 diligentis
994 1496 1171 1556 narratoris
1186 1496 1291 1572 magis
1305 1512 1404 1573 quam

241 1602 408 1679 ingeniosi
422 1612 524 1682 poetae
540 1603 663 1664 samam
677 1603 872 1664 affectatam.
889 1602 966 1683 Vel,
981 1609 1019 1664 ut
1038 1602 1183 1663 Petronii
1197 1602 1295 1662 verba
1311 1619 1403 1661 usur·-

240 1726 334 1789 pem‚
357 1710 392 1771 in
413 1711 563 1772 Nnncetcte
582 1712 692 1788 potius
714 1702 880 1786 religiosae
906 1709 1063 1771 orationis
1084 1708 1145 1769 snb
1169 1709 1305 1770 testibus
1322 1708 1404 1769 fides

241 1834 340 1895 quam
354 1816 496 1878 furentis
511 1817 616 1878 animi
630 1798 816 1879 vaticinatio
832 1824 976 1896 apparet.
990 1814 1086 1887 Quod
1100 1814 1141 1877 ad
1156 1815 1405 1893 dispositionem

241 1923 370 2003 attinet,
392 1931 480 2003 patet
502 1941 630 2003 quoque
649 1925 822 1985 materiam
842 1941 907 1986 non
931 1923 1130 2001 peritissime
1150 1941 1208 2000 per
1228 1941 1283 1983 sex
1301 1921 1404 1984 libros

241 2029 404 2106 digestam
420 2048 505 2110 esse,
522 2048 599 2092 cum
613 2031 738 2108 priores
755 2031 875 2109 saepius
895 2029 1073 2107 langueant
1091 2035 1122 2090 et
1142 2045 1208 2090 nou
1228 2029 1340 2107 paucis
1356 2029 1404 2089 di·

242 2134 469 2211 gressionibus
485 2144 541 2197 aut
556 2136 671 2197 otiosis
686 2135 768 2197 locis
784 2135 983 2214 impediatur
995 2135 1151 2196 narratio.

287 2239 453 2313 Quoniam
478 2250 588 2302 autem
613 2259 647 2302 se
670 2251 746 2307 ante
769 2241 882 2302 omnia
906 2240 1067 2319 simplicis
1089 2241 1236 2302 veritatis
1260 2240 1405 2306 amicum

241 2347 430 2425 praedicavit
444 2347 559 2410 Petrus
576 2347 616 2408 de
632 2347 730 2409 Blaro
746 2348 842 2429 Rivo,
860 2349 1005 2428 primum
1020 2347 1255 2427 inquirendum
1268 2350 1403 2437 arbitra·

241 2470 315 2514 mor
329 2471 498 2533 quousque
513 2455 600 2532 aequi
613 2473 725 2517 rerum
741 2455 910 2534 scriptoris
925 2463 1031 2534 partes
1049 2455 1151 2516 tuitus
1166 2455 1221 2516 sit.

285 2561 357 2622 Etsi
384 2562 425 2623 ad
455 2561 684 2624 celebrandam
709 2561 832 2623 Renati
858 2572 890 2623 et
918 2561 1142 2636 Letharingiae
1164 2559 1297 2621 laudem
1319 2562 1403 2623 Nort-

240 2671 352 2729 trident
373 2667 539 2746 inceptam
558 2685 629 2728 esse
649 2685 708 2746 pro
728 2676 816 2729 certo
837 2667 1023 2746 ponendum
1044 2674 1105 2746 est,
1128 2674 1236 2726 tamen
1256 2665 1297 2726 ad
1319 2667 1403 2727 veri·

243 2780 341 2833 tatem
366 2774 626 2854 accommodate,
651 2774 722 2834 sine
751 2774 800 2835 ira
825 2780 856 2835 et
880 2773 988 2834 studio
1011 2770 1222 2853 plerumque,
1245 2781 1404 2852 qnantum

241 2887 371 2957 tempus
393 2879 529 2960 serebat,
556 2879 692 2941 Petrum
711 2898 763 2941 res
784 2880 1018 2942 memoravisse
1038 2884 1069 2940 et
1089 2880 1129 2940 de
1148 2880 1298 2959 personis
1314 2878 1403 2958 judi·

240 2985 327 3046 cium
344 2987 463 3048 iecisse
480 3004 576 3050 nemo
593 3005 659 3048 non
674 2987 815 3048 fateatur
828 3004 964 3049 necesse
984 2994 1043 3047 est.
1066 2985 1100 3047 Is
1117 3004 1322 3064 summopere
1338 2995 1403 3048 stu-

240 3091 312 3153 duit
333 3101 368 3153 ut
390 3110 435 3156 aa¹
450 3100 620 3172 praestaret
641 3111 714 3173 quae
735 3094 771 3154 in
795 3111 863 3154 snae
884 3095 1047 3155 Noneeidts
1069 3093 1241 3154 historiam
1264 3094 1405 3172 epitoma

241 3198 410 3276 pollicitus
437 3211 529 3262 erat:
561 3226 575 3254 α
598 3201 763 3263 Hactenus
786 3202 936 3278 evaganti
960 3210 1050 3263 trans
1073 3209 1175 3262 semet
1196 3201 1332 3279 prologo
1352 3199 1404 3260 vel

243 3331 257 3359 «
274 3322 396 3366 metam
422 3306 579 3386 tigamus,
602 3307 809 3368 obsecrantes
834 3316 870 3370 ut
890 3308 1016 3369 heroici
1039 3308 1148 3370 tubam
1170 3308 1326 3369 carminis
1347 3307 1405 3384 qui

244 3437 258 3466 α
277 3429 345 3474 non
367 3414 542 3475 exaudient
565 3419 683 3476 auctori
707 3425 888 3476 tumen-non
904 3425 1098 3475 succenseant
1111 3410 1273 3475 veridico¹.
1293 3438 1308 3466 »
1326 3414 1403 3475 Haec

242 3519 356 3581 eadem
367 3520 404 3580 in
415 3528 560 3582 extremo
578 3529 668 3583 sexto
684 3521 784 3584 libro:
797 3541 829 3583 v.
843 3518 927 3584 1288
940 3540 1004 3601 sq,
1021 3522 1078 3583 nbi
1089 3540 1123 3582 se
1139 3523 1209 3603 ipse
1225 3525 1260 3582 in
1276 3522 1403 3583 bistori·

242 3644 355 3688 corum
366 3631 692 3709 nnmerumreponit.
702 3629 797 3691 Alias
810 3631 910 3690 etiam
923 3646 983 3689 nos
993 3639 1105 3691 monet
1117 3630 1235 3690 Petrus
1248 3646 1281 3691 se
1294 3628 1405 3689 omnia

242 3733 327 3796 lacta
341 3743 490 3796 accurate
506 3743 714 3812 persecutum
730 3743 761 3797 et
778 3736 909 3810 singula
928 3736 1091 3798 minutius
1110 3745 1288 3798 scrutatum
1306 3753 1377 3796 esse
1395 3754 1402 3794 :

280 3900 388 3968 Nono„
405 3901 457 3972 VI,
475 3901 532 3955 164
547 3918 591 3970 sq.
609 3919 616 3954 z

420 3998 552 4052 Paneula
565 4002 709 4069 gestarum
723 3997 824 4052 seriem
839 3997 975 4051 ducentia
988 4014 1082 4050 rerum

421 4095 487 4148 Hoc
503 4093 573 4148 mihi
589 4097 646 4150 sint
660 4095 844 4149 memoranda
858 4094 935 4164 loco,
952 4112 1016 4164 quae
1030 4113 1113 4165 paene
1126 4095 1227 4151 relicta

419 4192 531 4248 Fallere
545 4193 680 4249 lectorem
695 4199 828 4263 possent3
843 4210 909 4247 nam
924 4210 992 4248 vora
1005 4193 1113 4248 volenti

422 4290 570 4361 Stringere
586 4292 702 4361 rimam,
719 4292 801 4362 vigili
815 4298 882 4347 sunt
897 4292 1010 4363 singula
1025 4310 1100 4348 curae
1112 4294 1133 4350 ².

275 4512 296 4562 l.
313 4512 344 4560 P.
360 4524 434 4570 xxvi,
450 4511 558 4561 Schiitz.

271 4585 296 4633 Ι.
314 4583 348 4632 (ΙΙ
369 4582 418 4643 ΙΙΙ,
434 4597 459 4633 v.
476 4583 521 4633 687
538 4600 544 4630 ε
562 4598 572 4627 ι
590 4595 641 4632 nec
657 4586 772 4631 mentior
788 4600 809 4631 r.
