<?xml version="1.0" encoding="UTF-8"?>
<!DOCTYPE html PUBLIC "-//W3C//DTD XHTML 1.0 Transitional//EN"
    "http://www.w3.org/TR/xhtml1/DTD/xhtml1-transitional.dtd">
<html xmlns="http://www.w3.org/1999/xhtml" xml:lang="en" lang="en">
 <head>
  <title>
</title>
<meta http-equiv="Content-Type" content="text/html;charset=utf-8" />
  <meta name='ocr-system' content='tesseract 3.04.00' />
  <meta name='ocr-capabilities' content='ocr_page ocr_carea ocr_par ocr_line ocrx_word'/>
</head>
<body>
  <div class='ocr_page' id='page_1' title='image "./denanceidepetri00collgoog_0109.png"; bbox 0 0 3306 5468; ppageno 0'>
   <div class='ocr_carea' id='block_1_1' title="bbox 732 533 910 602">
    <p class='ocr_par' dir='ltr' id='par_1_1' title="bbox 732 533 910 602">
     <span class='ocr_line' id='line_1_1' title="bbox 732 533 910 602; baseline -0.011 -18"><span class='ocrx_word' id='word_1_1' title='bbox 732 533 910 602; x_wconf 75' lang='lat'>...80-</span> 
     </span>
    </p>
   </div>
   <div class='ocr_carea' id='block_1_2' title="bbox 242 677 1416 1081">
    <p class='ocr_par' dir='ltr' id='par_1_2' title="bbox 242 677 1415 870">
     <span class='ocr_line' id='line_1_2' title="bbox 243 677 1415 770; baseline -0.006 -23"><span class='ocrx_word' id='word_1_2' title='bbox 243 686 301 770; x_wconf 85' lang='lat' dir='ltr'>tiis</span> <span class='ocrx_word' id='word_1_3' title='bbox 315 685 405 766; x_wconf 81' lang='lat' dir='ltr'>ursis</span> <span class='ocrx_word' id='word_1_4' title='bbox 423 677 561 745; x_wconf 74' lang='lat' dir='ltr'>collati?</span> <span class='ocrx_word' id='word_1_5' title='bbox 575 681 682 743; x_wconf 88' lang='lat' dir='ltr'>Immo</span> <span class='ocrx_word' id='word_1_6' title='bbox 702 682 743 743; x_wconf 84' lang='lat' dir='ltr'>ad</span> <span class='ocrx_word' id='word_1_7' title='bbox 765 682 888 743; x_wconf 78' lang='lat' dir='ltr'><strong>Arcton</strong></span> <span class='ocrx_word' id='word_1_8' title='bbox 909 679 1063 742; x_wconf 86' lang='lat' dir='ltr'>conversi</span> <span class='ocrx_word' id='word_1_9' title='bbox 1082 696 1156 740; x_wconf 88' lang='lat' dir='ltr'>eam</span> <span class='ocrx_word' id='word_1_10' title='bbox 1176 678 1347 742; x_wconf 87' lang='lat' dir='ltr'>obsecrant</span> <span class='ocrx_word' id='word_1_11' title='bbox 1362 687 1415 758; x_wconf 89' lang='lat' dir='ltr'>ut,</span> 
     </span>
     <span class='ocr_line' id='line_1_3' title="bbox 242 786 1008 870; baseline -0.005 -18"><span class='ocrx_word' id='word_1_12' title='bbox 242 807 395 852; x_wconf 88' lang='lat' dir='ltr'>ursorum</span> <span class='ocrx_word' id='word_1_13' title='bbox 410 788 566 851; x_wconf 90' lang='lat' dir='ltr'>videlicet</span> <span class='ocrx_word' id='word_1_14' title='bbox 582 806 718 868; x_wconf 90' lang='lat' dir='ltr'>numen,</span> <span class='ocrx_word' id='word_1_15' title='bbox 739 788 804 850; x_wconf 92' lang='lat' dir='ltr'>sibi</span> <span class='ocrx_word' id='word_1_16' title='bbox 818 786 1008 870; x_wconf 76' lang='lat' dir='ltr'>auxilietur.</span> 
     </span>
    </p>

    <p class='ocr_par' dir='ltr' id='par_1_3' title="bbox 244 892 1416 1081">
     <span class='ocr_line' id='line_1_4' title="bbox 288 892 1416 974; baseline -0.007 -16"><span class='ocrx_word' id='word_1_17' title='bbox 288 899 408 958; x_wconf 84' lang='lat' dir='ltr'><strong>Mirum</strong></span> <span class='ocrx_word' id='word_1_18' title='bbox 436 897 472 957; x_wconf 90' lang='lat' dir='ltr'>in</span> <span class='ocrx_word' id='word_1_19' title='bbox 492 897 628 958; x_wconf 89' lang='lat' dir='ltr'>modum</span> <span class='ocrx_word' id='word_1_20' title='bbox 648 896 851 974; x_wconf 85' lang='lat' dir='ltr'>Lotheringa</span> <span class='ocrx_word' id='word_1_21' title='bbox 872 903 958 957; x_wconf 86' lang='lat' dir='ltr'>terra</span> <span class='ocrx_word' id='word_1_22' title='bbox 974 894 1169 971; x_wconf 78' lang='lat' dir='ltr'>indignatur</span> <span class='ocrx_word' id='word_1_23' title='bbox 1183 910 1258 953; x_wconf 91' lang='lat' dir='ltr'>cum</span> <span class='ocrx_word' id='word_1_24' title='bbox 1274 892 1306 952; x_wconf 95' lang='lat' dir='ltr'>ei</span> <span class='ocrx_word' id='word_1_25' title='bbox 1320 909 1416 951; x_wconf 90' lang='lat' dir='ltr'>man-</span> 
     </span>
     <span class='ocr_line' id='line_1_5' title="bbox 244 999 1152 1081; baseline -0.004 -18"><span class='ocrx_word' id='word_1_26' title='bbox 244 1005 339 1065; x_wconf 87' lang='lat' dir='ltr'>datur</span> <span class='ocrx_word' id='word_1_27' title='bbox 355 1002 468 1064; x_wconf 85' lang='lat' dir='ltr'>Caroli</span> <span class='ocrx_word' id='word_1_28' title='bbox 485 1020 623 1081; x_wconf 78' lang='lat' dir='ltr'>corpus3</span> <span class='ocrx_word' id='word_1_29' title='bbox 641 1002 718 1064; x_wconf 91' lang='lat' dir='ltr'>silet</span> <span class='ocrx_word' id='word_1_30' title='bbox 733 1012 841 1063; x_wconf 85' lang='lat' dir='ltr'>tamen</span> <span class='ocrx_word' id='word_1_31' title='bbox 856 1012 892 1065; x_wconf 91' lang='lat' dir='ltr'>ut</span> <span class='ocrx_word' id='word_1_32' title='bbox 906 1003 962 1064; x_wconf 92' lang='lat' dir='ltr'>cui</span> <span class='ocrx_word' id='word_1_33' title='bbox 976 1018 1038 1062; x_wconf 85' lang='lat' dir='ltr'>vox</span> <span class='ocrx_word' id='word_1_34' title='bbox 1053 999 1152 1061; x_wconf 82' lang='lat' dir='ltr'>desit:</span> 
     </span>
    </p>
   </div>
   <div class='ocr_carea' id='block_1_3' title="bbox 280 1166 1344 1529">
    <p class='ocr_par' dir='ltr' id='par_1_4' title="bbox 280 1166 1344 1529">
     <span class='ocr_line' id='line_1_6' title="bbox 280 1166 1339 1238; baseline -0.003 -15"><span class='ocrx_word' id='word_1_35' title='bbox 280 1170 388 1238; x_wconf 77' lang='lat' dir='ltr'>Nona,</span> <span class='ocrx_word' id='word_1_36' title='bbox 404 1168 457 1238; x_wconf 89' lang='lat' dir='ltr'>Vl,</span> <span class='ocrx_word' id='word_1_37' title='bbox 474 1187 502 1224; x_wconf 90' lang='lat' dir='ltr'>v.</span> <span class='ocrx_word' id='word_1_38' title='bbox 523 1169 598 1224; x_wconf 88' lang='lat'>1188</span> <span class='ocrx_word' id='word_1_39' title='bbox 614 1188 621 1220; x_wconf 77' lang='lat' dir='ltr'><em>z</em></span> <span class='ocrx_word' id='word_1_40' title='bbox 637 1169 728 1222; x_wconf 83' lang='lat' dir='ltr'>Terra</span> <span class='ocrx_word' id='word_1_41' title='bbox 742 1168 823 1238; x_wconf 90' lang='lat' dir='ltr'>loqui</span> <span class='ocrx_word' id='word_1_42' title='bbox 837 1167 952 1222; x_wconf 84' lang='lat' dir='ltr'>defossa</span> <span class='ocrx_word' id='word_1_43' title='bbox 965 1168 1066 1224; x_wconf 80' lang='lat' dir='ltr'>rolens</span> <span class='ocrx_word' id='word_1_44' title='bbox 1081 1167 1169 1236; x_wconf 86' lang='lat' dir='ltr'>longo</span> <span class='ocrx_word' id='word_1_45' title='bbox 1186 1166 1244 1220; x_wconf 91' lang='lat' dir='ltr'>oris</span> <span class='ocrx_word' id='word_1_46' title='bbox 1257 1167 1339 1220; x_wconf 86' lang='lat' dir='ltr'>hiatu</span> 
     </span>
     <span class='ocr_line' id='line_1_7' title="bbox 514 1263 1303 1336; baseline -0.001 -17"><span class='ocrx_word' id='word_1_47' title='bbox 514 1265 603 1319; x_wconf 87' lang='lat' dir='ltr'>Vocis</span> <span class='ocrx_word' id='word_1_48' title='bbox 618 1282 706 1336; x_wconf 81' lang='lat' dir='ltr'>egens</span> <span class='ocrx_word' id='word_1_49' title='bbox 720 1265 811 1324; x_wconf 87' lang='lat' dir='ltr'>siluit.</span> <span class='ocrx_word' id='word_1_50' title='bbox 829 1265 911 1332; x_wconf 70' lang='lat' dir='ltr'>Quae,</span> <span class='ocrx_word' id='word_1_51' title='bbox 926 1266 948 1318; x_wconf 90' lang='lat' dir='ltr'>si</span> <span class='ocrx_word' id='word_1_52' title='bbox 964 1271 1032 1318; x_wconf 88' lang='lat' dir='ltr'>tunc</span> <span class='ocrx_word' id='word_1_53' title='bbox 1047 1263 1121 1318; x_wconf 85' lang='lat' dir='ltr'>forte</span> <span class='ocrx_word' id='word_1_54' title='bbox 1136 1265 1235 1318; x_wconf 85' lang='lat' dir='ltr'>locuta</span> <span class='ocrx_word' id='word_1_55' title='bbox 1250 1268 1303 1333; x_wconf 83' lang='lat' dir='ltr'>est,</span> 
     </span>
     <span class='ocr_line' id='line_1_8' title="bbox 515 1353 1344 1433; baseline 0 -18"><span class='ocrx_word' id='word_1_56' title='bbox 515 1363 675 1432; x_wconf 87' lang='lat' dir='ltr'>Impediere</span> <span class='ocrx_word' id='word_1_57' title='bbox 690 1380 791 1416; x_wconf 88' lang='lat' dir='ltr'>sonum</span> <span class='ocrx_word' id='word_1_58' title='bbox 806 1361 888 1416; x_wconf 89' lang='lat' dir='ltr'>vocis</span> <span class='ocrx_word' id='word_1_59' title='bbox 903 1368 974 1416; x_wconf 85' lang='lat' dir='ltr'>tune</span> <span class='ocrx_word' id='word_1_60' title='bbox 989 1360 1078 1417; x_wconf 85' lang='lat' dir='ltr'>verba</span> <span class='ocrx_word' id='word_1_61' title='bbox 1090 1367 1261 1433; x_wconf 84' lang='lat' dir='ltr'>precantum</span> <span class='ocrx_word' id='word_1_62' title='bbox 1341 1353 1344 1357; x_wconf 56' lang='grc'><em>’</em></span> 
     </span>
     <span class='ocr_line' id='line_1_9' title="bbox 514 1459 873 1529; baseline 0 -17"><span class='ocrx_word' id='word_1_63' title='bbox 514 1459 674 1529; x_wconf 82' lang='lat' dir='ltr'>Relligiosa</span> <span class='ocrx_word' id='word_1_64' title='bbox 687 1465 814 1529; x_wconf 85' lang='lat' dir='ltr'>patrum,</span> <span class='ocrx_word' id='word_1_65' title='bbox 829 1476 873 1528; x_wconf 86' lang='lat' dir='ltr'>sq.</span> 
     </span>
    </p>
   </div>
   <div class='ocr_carea' id='block_1_4' title="bbox 244 1618 1416 2123">
    <p class='ocr_par' dir='ltr' id='par_1_5' title="bbox 288 1618 1366 1698">
     <span class='ocr_line' id='line_1_10' title="bbox 288 1618 1366 1698; baseline 0 -18"><span class='ocrx_word' id='word_1_66' title='bbox 288 1621 413 1682; x_wconf 88' lang='lat' dir='ltr'>Locum</span> <span class='ocrx_word' id='word_1_67' title='bbox 427 1619 590 1698; x_wconf 68' lang='lat' dir='ltr'>praecido,</span> <span class='ocrx_word' id='word_1_68' title='bbox 609 1619 663 1680; x_wconf 90' lang='lat' dir='ltr'>sed</span> <span class='ocrx_word' id='word_1_69' title='bbox 681 1637 781 1698; x_wconf 88' lang='lat' dir='ltr'>quam</span> <span class='ocrx_word' id='word_1_70' title='bbox 797 1621 858 1681; x_wconf 85' lang='lat' dir='ltr'>ista</span> <span class='ocrx_word' id='word_1_71' title='bbox 873 1620 986 1681; x_wconf 86' lang='lat' dir='ltr'>inflata</span> <span class='ocrx_word' id='word_1_72' title='bbox 1002 1620 1067 1681; x_wconf 87' lang='lat' dir='ltr'>sint</span> <span class='ocrx_word' id='word_1_73' title='bbox 1082 1620 1252 1681; x_wconf 91' lang='lat' dir='ltr'>neminem</span> <span class='ocrx_word' id='word_1_74' title='bbox 1266 1618 1366 1681; x_wconf 88' lang='lat' dir='ltr'>fallit.</span> 
     </span>
    </p>

    <p class='ocr_par' dir='ltr' id='par_1_6' title="bbox 244 1725 1416 2123">
     <span class='ocr_line' id='line_1_11' title="bbox 290 1725 1416 1808; baseline 0 -20"><span class='ocrx_word' id='word_1_75' title='bbox 290 1726 418 1806; x_wconf 87' lang='lat' dir='ltr'>Saepius</span> <span class='ocrx_word' id='word_1_76' title='bbox 435 1725 561 1786; x_wconf 88' lang='lat' dir='ltr'>Lucani</span> <span class='ocrx_word' id='word_1_77' title='bbox 577 1726 728 1802; x_wconf 84' lang='lat' dir='ltr'>vestigiis</span> <span class='ocrx_word' id='word_1_78' title='bbox 747 1725 901 1789; x_wconf 82' lang='lat' dir='ltr'>insistere</span> <span class='ocrx_word' id='word_1_79' title='bbox 923 1727 1059 1789; x_wconf 89' lang='lat' dir='ltr'>Petrum</span> <span class='ocrx_word' id='word_1_80' title='bbox 1080 1728 1261 1808; x_wconf 80' lang='lat' dir='ltr'>arbitreris,</span> <span class='ocrx_word' id='word_1_81' title='bbox 1278 1743 1416 1806; x_wconf 83' lang='lat' dir='ltr'>praeser-</span> 
     </span>
     <span class='ocr_line' id='line_1_12' title="bbox 245 1830 1416 1913; baseline 0.001 -20"><span class='ocrx_word' id='word_1_82' title='bbox 245 1834 397 1894; x_wconf 83' lang='lat' dir='ltr'>timeum</span> <span class='ocrx_word' id='word_1_83' title='bbox 412 1830 566 1893; x_wconf 84' lang='lat' dir='ltr'>caedeset</span> <span class='ocrx_word' id='word_1_84' title='bbox 582 1832 720 1894; x_wconf 88' lang='lat' dir='ltr'>vulnera</span> <span class='ocrx_word' id='word_1_85' title='bbox 739 1840 771 1894; x_wconf 94' lang='lat' dir='ltr'>et</span> <span class='ocrx_word' id='word_1_86' title='bbox 785 1831 931 1895; x_wconf 85' lang='lat' dir='ltr'>ludibria</span> <span class='ocrx_word' id='word_1_87' title='bbox 946 1835 1062 1895; x_wconf 89' lang='lat' dir='ltr'>mortis</span> <span class='ocrx_word' id='word_1_88' title='bbox 1080 1834 1188 1895; x_wconf 88' lang='lat' dir='ltr'>fusius</span> <span class='ocrx_word' id='word_1_89' title='bbox 1208 1832 1360 1913; x_wconf 88' lang='lat' dir='ltr'>explicat,</span> <span class='ocrx_word' id='word_1_90' title='bbox 1376 1841 1416 1894; x_wconf 93' lang='lat' dir='ltr'>ut</span> 
     </span>
     <span class='ocr_line' id='line_1_13' title="bbox 244 1937 1415 2020; baseline 0.002 -20"><span class='ocrx_word' id='word_1_91' title='bbox 244 1940 280 2000; x_wconf 92' lang='lat' dir='ltr'>in</span> <span class='ocrx_word' id='word_1_92' title='bbox 297 1940 340 2001; x_wconf 90' lang='lat' dir='ltr'>iis</span> <span class='ocrx_word' id='word_1_93' title='bbox 354 1939 504 2000; x_wconf 90' lang='lat' dir='ltr'>versibus</span> <span class='ocrx_word' id='word_1_94' title='bbox 518 1939 639 2017; x_wconf 86' lang='lat' dir='ltr'>quibus</span> <span class='ocrx_word' id='word_1_95' title='bbox 654 1939 750 2001; x_wconf 88' lang='lat' dir='ltr'>humi</span> <span class='ocrx_word' id='word_1_96' title='bbox 765 1939 911 2020; x_wconf 87' lang='lat' dir='ltr'>jacentia</span> <span class='ocrx_word' id='word_1_97' title='bbox 928 1950 1001 2019; x_wconf 90' lang='lat' dir='ltr'>post</span> <span class='ocrx_word' id='word_1_98' title='bbox 1016 1956 1162 2019; x_wconf 83' lang='lat' dir='ltr'>pugnam</span> <span class='ocrx_word' id='word_1_99' title='bbox 1184 1942 1225 2003; x_wconf 89' lang='lat' dir='ltr'>ad</span> <span class='ocrx_word' id='word_1_100' title='bbox 1239 1937 1415 2002; x_wconf 87' lang='lat' dir='ltr'>Jarvillam</span> 
     </span>
     <span class='ocr_line' id='line_1_14' title="bbox 244 2045 613 2123; baseline -0.003 -16"><span class='ocrx_word' id='word_1_101' title='bbox 244 2046 402 2107; x_wconf 87' lang='lat' dir='ltr'>cadavera</span> <span class='ocrx_word' id='word_1_102' title='bbox 417 2045 613 2123; x_wconf 84' lang='lat' dir='ltr'>descripsit:</span> 
     </span>
    </p>
   </div>
   <div class='ocr_carea' id='block_1_5' title="bbox 282 2209 1241 3839">
    <p class='ocr_par' dir='ltr' id='par_1_7' title="bbox 282 2209 1241 3839">
     <span class='ocr_line' id='line_1_15' title="bbox 282 2209 537 2280; baseline -0.004 -16"><span class='ocrx_word' id='word_1_103' title='bbox 282 2209 334 2278; x_wconf 90' lang='lat' dir='ltr'>VI,</span> <span class='ocrx_word' id='word_1_104' title='bbox 351 2225 380 2268; x_wconf 79' lang='lat' dir='ltr'>V.</span> <span class='ocrx_word' id='word_1_105' title='bbox 397 2209 537 2280; x_wconf 54' lang='lat' dir='ltr'>osted:</span> 
     </span>
     <span class='ocr_line' id='line_1_16' title="bbox 406 2304 1241 2381; baseline 0.004 -19"><span class='ocrx_word' id='word_1_106' title='bbox 406 2349 751 2365; x_wconf 90' lang='grc'><strong>...........</strong></span> <span class='ocrx_word' id='word_1_107' title='bbox 772 2304 938 2377; x_wconf 72' lang='lat' dir='ltr'>currusque</span> <span class='ocrx_word' id='word_1_108' title='bbox 952 2324 1092 2378; x_wconf 85' lang='lat' dir='ltr'>ensesque</span> <span class='ocrx_word' id='word_1_109' title='bbox 1106 2309 1241 2381; x_wconf 85' lang='lat' dir='ltr'>virosque</span> 
     </span>
     <span class='ocr_line' id='line_1_17' title="bbox 304 2402 1209 2479; baseline 0.003 -22"><span class='ocrx_word' id='word_1_110' title='bbox 304 2439 306 2442; x_wconf 93' lang='lat'>-</span> <span class='ocrx_word' id='word_1_111' title='bbox 400 2404 534 2459; x_wconf 86' lang='lat' dir='ltr'>Inversos</span> <span class='ocrx_word' id='word_1_112' title='bbox 548 2402 689 2479; x_wconf 81' lang='lat' dir='ltr'>miscebat</span> <span class='ocrx_word' id='word_1_113' title='bbox 703 2402 782 2456; x_wconf 89' lang='lat' dir='ltr'>humi</span> <span class='ocrx_word' id='word_1_114' title='bbox 797 2402 935 2459; x_wconf 83' lang='lat' dir='ltr'>Fortuna.</span> <span class='ocrx_word' id='word_1_115' title='bbox 953 2404 1107 2475; x_wconf 76' lang='lat' dir='ltr'>caputque</span> <span class='ocrx_word' id='word_1_116' title='bbox 1205 2411 1209 2416; x_wconf 82' lang='lat'><strong><em>&#39;</em></strong></span> 
     </span>
     <span class='ocr_line' id='line_1_18' title="bbox 401 2483 1110 2572; baseline 0.004 -18"><span class='ocrx_word' id='word_1_117' title='bbox 401 2499 514 2555; x_wconf 88' lang='lat' dir='ltr'>Insidet</span> <span class='ocrx_word' id='word_1_118' title='bbox 528 2495 654 2555; x_wconf 82' lang='lat' dir='ltr'>hirmano</span> <span class='ocrx_word' id='word_1_119' title='bbox 671 2483 749 2571; x_wconf 79' lang='lat' dir='ltr'>quod</span> <span class='ocrx_word' id='word_1_120' title='bbox 764 2502 831 2572; x_wconf 89' lang='lat' dir='ltr'>equi</span> <span class='ocrx_word' id='word_1_121' title='bbox 843 2501 900 2555; x_wconf 86' lang='lat' dir='ltr'>fuit</span> <span class='ocrx_word' id='word_1_122' title='bbox 913 2510 1000 2557; x_wconf 84' lang='lat' dir='ltr'>antee</span> <span class='ocrx_word' id='word_1_123' title='bbox 1015 2504 1110 2571; x_wconf 80' lang='lat' dir='ltr'>eollo;</span> 
     </span>
     <span class='ocr_line' id='line_1_19' title="bbox 401 2597 1120 2668; baseline 0.004 -16"><span class='ocrx_word' id='word_1_124' title='bbox 401 2598 558 2652; x_wconf 71' lang='lat' dir='ltr'>utcontra</span> <span class='ocrx_word' id='word_1_125' title='bbox 573 2597 713 2668; x_wconf 78' lang='lat' dir='ltr'>acephalo</span> <span class='ocrx_word' id='word_1_126' title='bbox 727 2598 790 2653; x_wconf 85' lang='lat' dir='ltr'>vise</span> <span class='ocrx_word' id='word_1_127' title='bbox 805 2604 848 2653; x_wconf 82' lang='lat' dir='ltr'>est</span> <span class='ocrx_word' id='word_1_128' title='bbox 860 2599 987 2654; x_wconf 81' lang='lat' dir='ltr'>humane</span> <span class='ocrx_word' id='word_1_129' title='bbox 1006 2599 1120 2655; x_wconf 82' lang='lat' dir='ltr'>caballo</span> 
     </span>
     <span class='ocr_line' id='line_1_20' title="bbox 401 2696 1152 2768; baseline 0.005 -19"><span class='ocrx_word' id='word_1_130' title='bbox 401 2696 532 2766; x_wconf 86' lang='lat' dir='ltr'>Adjungi</span> <span class='ocrx_word' id='word_1_131' title='bbox 546 2698 642 2752; x_wconf 84' lang='lat' dir='ltr'>cervix</span> <span class='ocrx_word' id='word_1_132' title='bbox 657 2714 721 2750; x_wconf 89' lang='lat' dir='ltr'>cum</span> <span class='ocrx_word' id='word_1_133' title='bbox 738 2703 866 2766; x_wconf 87' lang='lat' dir='ltr'>pectore.</span> <span class='ocrx_word' id='word_1_134' title='bbox 884 2697 989 2768; x_wconf 85' lang='lat' dir='ltr'>Sicque</span> <span class='ocrx_word' id='word_1_135' title='bbox 1003 2698 1152 2753; x_wconf 84' lang='lat' dir='ltr'>biformem</span> 
     </span>
     <span class='ocr_line' id='line_1_21' title="bbox 403 2792 1072 2866; baseline 0.003 -20"><span class='ocrx_word' id='word_1_136' title='bbox 403 2792 541 2847; x_wconf 83' lang='lat' dir='ltr'>Centauri</span> <span class='ocrx_word' id='word_1_137' title='bbox 556 2793 677 2863; x_wconf 88' lang='lat' dir='ltr'>effigiem</span> <span class='ocrx_word' id='word_1_138' title='bbox 694 2810 778 2846; x_wconf 88' lang='lat' dir='ltr'>casus</span> <span class='ocrx_word' id='word_1_139' title='bbox 791 2792 925 2848; x_wconf 87' lang='lat' dir='ltr'>formavit</span> <span class='ocrx_word' id='word_1_140' title='bbox 940 2801 969 2849; x_wconf 91' lang='lat' dir='ltr'>et</span> <span class='ocrx_word' id='word_1_141' title='bbox 983 2812 1072 2866; x_wconf 84' lang='lat' dir='ltr'>error,</span> 
     </span>
     <span class='ocr_line' id='line_1_22' title="bbox 401 2880 1127 2960; baseline 0.006 -18"><span class='ocrx_word' id='word_1_142' title='bbox 401 2891 440 2943; x_wconf 89' lang='lat' dir='ltr'>Et</span> <span class='ocrx_word' id='word_1_143' title='bbox 455 2907 526 2944; x_wconf 87' lang='lat' dir='ltr'>casu</span> <span class='ocrx_word' id='word_1_144' title='bbox 539 2907 568 2944; x_wconf 91' lang='lat' dir='ltr'>se</span> <span class='ocrx_word' id='word_1_145' title='bbox 584 2896 687 2960; x_wconf 85' lang='lat' dir='ltr'>aptant</span> <span class='ocrx_word' id='word_1_146' title='bbox 701 2891 845 2945; x_wconf 87' lang='lat' dir='ltr'>variorum</span> <span class='ocrx_word' id='word_1_147' title='bbox 860 2892 948 2945; x_wconf 83' lang='lat' dir='ltr'>scissa</span> <span class='ocrx_word' id='word_1_148' title='bbox 960 2897 1095 2946; x_wconf 84' lang='lat' dir='ltr'>ruentum</span> <span class='ocrx_word' id='word_1_149' title='bbox 1122 2880 1127 2889; x_wconf 72' lang='grc'><em>’</em></span> 
     </span>
     <span class='ocr_line' id='line_1_23' title="bbox 400 2986 1183 3061; baseline 0.006 -22"><span class='ocrx_word' id='word_1_150' title='bbox 400 2986 529 3040; x_wconf 86' lang='lat' dir='ltr'>Membra</span> <span class='ocrx_word' id='word_1_151' title='bbox 540 2988 624 3042; x_wconf 78' lang='lat' dir='ltr'>velut</span> <span class='ocrx_word' id='word_1_152' title='bbox 637 2986 731 3057; x_wconf 81' lang='lat' dir='ltr'>glacie</span> <span class='ocrx_word' id='word_1_153' title='bbox 749 2987 825 3042; x_wconf 86' lang='lat' dir='ltr'>inter</span> <span class='ocrx_word' id='word_1_154' title='bbox 840 3005 871 3042; x_wconf 89' lang='lat' dir='ltr'>se</span> <span class='ocrx_word' id='word_1_155' title='bbox 886 2995 1036 3059; x_wconf 83' lang='lat' dir='ltr'>compacta</span> <span class='ocrx_word' id='word_1_156' title='bbox 1049 2989 1183 3061; x_wconf 88' lang='lat' dir='ltr'>lutoque.</span> 
     </span>
     <span class='ocr_line' id='line_1_24' title="bbox 401 3086 1101 3159; baseline 0.004 -19"><span class='ocrx_word' id='word_1_157' title='bbox 401 3087 473 3141; x_wconf 87' lang='lat' dir='ltr'>Haec</span> <span class='ocrx_word' id='word_1_158' title='bbox 489 3087 642 3142; x_wconf 87' lang='lat' dir='ltr'>simulacra</span> <span class='ocrx_word' id='word_1_159' title='bbox 655 3087 723 3159; x_wconf 84' lang='lat' dir='ltr'>gelu</span> <span class='ocrx_word' id='word_1_160' title='bbox 738 3086 854 3142; x_wconf 88' lang='lat' dir='ltr'>tandem</span> <span class='ocrx_word' id='word_1_161' title='bbox 868 3088 971 3142; x_wconf 84' lang='lat' dir='ltr'>durata</span> <span class='ocrx_word' id='word_1_162' title='bbox 985 3093 1101 3157; x_wconf 84' lang='lat' dir='ltr'>putares</span> 
     </span>
     <span class='ocr_line' id='line_1_25' title="bbox 400 3183 1119 3256; baseline 0.007 -20"><span class='ocrx_word' id='word_1_163' title='bbox 400 3183 435 3237; x_wconf 93' lang='lat' dir='ltr'>In</span> <span class='ocrx_word' id='word_1_164' title='bbox 450 3184 545 3238; x_wconf 89' lang='lat' dir='ltr'>silices</span> <span class='ocrx_word' id='word_1_165' title='bbox 561 3201 700 3239; x_wconf 87' lang='lat' dir='ltr'>conversa</span> <span class='ocrx_word' id='word_1_166' title='bbox 715 3193 744 3240; x_wconf 87' lang='lat' dir='ltr'>et</span> <span class='ocrx_word' id='word_1_167' title='bbox 757 3185 902 3256; x_wconf 82' lang='lat' dir='ltr'>Gorgonis</span> <span class='ocrx_word' id='word_1_168' title='bbox 916 3185 967 3239; x_wconf 85' lang='lat' dir='ltr'>illa</span> <span class='ocrx_word' id='word_1_169' title='bbox 980 3185 1119 3256; x_wconf 89' lang='lat' dir='ltr'>Medusae,</span> 
     </span>
     <span class='ocr_line' id='line_1_26' title="bbox 402 3281 1156 3352; baseline 0.007 -18"><span class='ocrx_word' id='word_1_170' title='bbox 402 3281 486 3336; x_wconf 86' lang='lat' dir='ltr'>Tunc</span> <span class='ocrx_word' id='word_1_171' title='bbox 502 3300 567 3336; x_wconf 90' lang='lat' dir='ltr'>cum</span> <span class='ocrx_word' id='word_1_172' title='bbox 581 3283 649 3337; x_wconf 83' lang='lat' dir='ltr'>viva</span> <span class='ocrx_word' id='word_1_173' title='bbox 662 3282 772 3352; x_wconf 86' lang='lat' dir='ltr'>forent,</span> <span class='ocrx_word' id='word_1_174' title='bbox 786 3284 878 3337; x_wconf 88' lang='lat' dir='ltr'>crines</span> <span class='ocrx_word' id='word_1_175' title='bbox 892 3283 998 3339; x_wconf 87' lang='lat' dir='ltr'>vidisse</span> <span class='ocrx_word' id='word_1_176' title='bbox 1013 3283 1156 3340; x_wconf 85' lang='lat' dir='ltr'>colubros.</span> 
     </span>
     <span class='ocr_line' id='line_1_27' title="bbox 402 3374 1159 3451; baseline 0.004 -19"><span class='ocrx_word' id='word_1_177' title='bbox 402 3379 461 3432; x_wconf 85' lang='lat' dir='ltr'>Tot</span> <span class='ocrx_word' id='word_1_178' title='bbox 476 3396 552 3433; x_wconf 84' lang='lat' dir='ltr'>nova</span> <span class='ocrx_word' id='word_1_179' title='bbox 569 3385 601 3433; x_wconf 92' lang='lat' dir='ltr'>tu</span> <span class='ocrx_word' id='word_1_180' title='bbox 615 3379 716 3433; x_wconf 91' lang='lat' dir='ltr'>mortis</span> <span class='ocrx_word' id='word_1_181' title='bbox 728 3396 827 3448; x_wconf 90' lang='lat' dir='ltr'>posses</span> <span class='ocrx_word' id='word_1_182' title='bbox 840 3379 1006 3435; x_wconf 87' lang='lat' dir='ltr'>horrescere</span> <span class='ocrx_word' id='word_1_183' title='bbox 1020 3374 1159 3451; x_wconf 83' lang='lat' dir='ltr'>monstra,-</span> 
     </span>
     <span class='ocr_line' id='line_1_28' title="bbox 404 3473 1036 3546; baseline 0.006 -19"><span class='ocrx_word' id='word_1_184' title='bbox 404 3473 477 3528; x_wconf 90' lang='lat' dir='ltr'>Cum</span> <span class='ocrx_word' id='word_1_185' title='bbox 492 3476 593 3530; x_wconf 87' lang='lat' dir='ltr'>videas</span> <span class='ocrx_word' id='word_1_186' title='bbox 607 3476 678 3531; x_wconf 86' lang='lat' dir='ltr'>istos</span> <span class='ocrx_word' id='word_1_187' title='bbox 693 3475 781 3530; x_wconf 84' lang='lat' dir='ltr'>nullis</span> <span class='ocrx_word' id='word_1_188' title='bbox 796 3476 929 3531; x_wconf 85' lang='lat' dir='ltr'>scissisve</span> <span class='ocrx_word' id='word_1_189' title='bbox 940 3478 1036 3546; x_wconf 88' lang='lat' dir='ltr'>jacere</span> 
     </span>
     <span class='ocr_line' id='line_1_29' title="bbox 404 3571 1154 3643; baseline 0.004 -16"><span class='ocrx_word' id='word_1_190' title='bbox 404 3571 555 3641; x_wconf 84' lang='lat' dir='ltr'>Cruribus,</span> <span class='ocrx_word' id='word_1_191' title='bbox 572 3572 617 3626; x_wconf 92' lang='lat' dir='ltr'>his</span> <span class='ocrx_word' id='word_1_192' title='bbox 633 3573 749 3627; x_wconf 84' lang='lat' dir='ltr'>dextras</span> <span class='ocrx_word' id='word_1_193' title='bbox 764 3580 816 3628; x_wconf 86' lang='lat' dir='ltr'>aut</span> <span class='ocrx_word' id='word_1_194' title='bbox 828 3573 923 3627; x_wconf 92' lang='lat' dir='ltr'>nullos</span> <span class='ocrx_word' id='word_1_195' title='bbox 939 3590 1000 3629; x_wconf 87' lang='lat' dir='ltr'>esse</span> <span class='ocrx_word' id='word_1_196' title='bbox 1013 3575 1154 3643; x_wconf 82' lang='lat' dir='ltr'>lacertos3</span> 
     </span>
     <span class='ocr_line' id='line_1_30' title="bbox 403 3667 1079 3743; baseline 0.006 -21"><span class='ocrx_word' id='word_1_197' title='bbox 403 3667 532 3722; x_wconf 83' lang='lat' dir='ltr'>Auribus</span> <span class='ocrx_word' id='word_1_198' title='bbox 547 3675 598 3722; x_wconf 87' lang='lat' dir='ltr'>aut</span> <span class='ocrx_word' id='word_1_199' title='bbox 612 3686 682 3723; x_wconf 88' lang='lat' dir='ltr'>naso</span> <span class='ocrx_word' id='word_1_200' title='bbox 697 3668 803 3724; x_wconf 87' lang='lat' dir='ltr'>multos</span> <span class='ocrx_word' id='word_1_201' title='bbox 815 3670 876 3725; x_wconf 86' lang='lat' dir='ltr'>fors</span> <span class='ocrx_word' id='word_1_202' title='bbox 891 3672 979 3743; x_wconf 86' lang='lat' dir='ltr'>exuit,</span> <span class='ocrx_word' id='word_1_203' title='bbox 991 3677 1079 3742; x_wconf 82' lang='lat' dir='ltr'>etque</span> 
     </span>
     <span class='ocr_line' id='line_1_31' title="bbox 402 3763 1165 3839; baseline 0.008 -22"><span class='ocrx_word' id='word_1_204' title='bbox 402 3763 580 3835; x_wconf 81' lang='lat' dir='ltr'>Corporibus</span> <span class='ocrx_word' id='word_1_205' title='bbox 593 3767 640 3821; x_wconf 85' lang='lat' dir='ltr'>vel</span> <span class='ocrx_word' id='word_1_206' title='bbox 654 3768 732 3821; x_wconf 92' lang='lat' dir='ltr'>mille</span> <span class='ocrx_word' id='word_1_207' title='bbox 746 3774 834 3838; x_wconf 84' lang='lat' dir='ltr'>caput</span> <span class='ocrx_word' id='word_1_208' title='bbox 848 3769 894 3822; x_wconf 85' lang='lat' dir='ltr'>vix</span> <span class='ocrx_word' id='word_1_209' title='bbox 909 3767 991 3823; x_wconf 84' lang='lat' dir='ltr'>affuit</span> <span class='ocrx_word' id='word_1_210' title='bbox 1007 3787 1107 3838; x_wconf 90' lang='lat' dir='ltr'>unum,</span> <span class='ocrx_word' id='word_1_211' title='bbox 1123 3786 1165 3839; x_wconf 89' lang='lat' dir='ltr'>sq.</span> 
     </span>
    </p>
   </div>
   <div class='ocr_carea' id='block_1_6' title="bbox 240 3876 636 3968">
    <p class='ocr_par' dir='ltr' id='par_1_8' title="bbox 240 3876 636 3968">
     <span class='ocr_line' id='line_1_32' title="bbox 240 3876 636 3968; baseline 0.008 -35"><span class='ocrx_word' id='word_1_212' title='bbox 240 3876 301 3952; x_wconf 81' lang='lat' dir='ltr'>(cf.</span> <span class='ocrx_word' id='word_1_213' title='bbox 319 3878 373 3948; x_wconf 83' lang='lat' dir='ltr'>IV,</span> <span class='ocrx_word' id='word_1_214' title='bbox 391 3896 419 3938; x_wconf 87' lang='lat' dir='ltr'>v.</span> <span class='ocrx_word' id='word_1_215' title='bbox 438 3880 475 3968; x_wconf 65' lang='grc'>98</span> <span class='ocrx_word' id='word_1_216' title='bbox 490 3898 547 3952; x_wconf 88' lang='lat' dir='ltr'>sq.,</span> <span class='ocrx_word' id='word_1_217' title='bbox 564 3878 636 3958; x_wconf 88' lang='lat' dir='ltr'>etc.)</span> 
     </span>
    </p>
   </div>
   <div class='ocr_carea' id='block_1_7' title="bbox 240 4039 1415 4224">
    <p class='ocr_par' dir='ltr' id='par_1_9' title="bbox 240 4039 1415 4224">
     <span class='ocr_line' id='line_1_33' title="bbox 286 4039 1415 4126; baseline 0.01 -25"><span class='ocrx_word' id='word_1_218' title='bbox 286 4039 383 4102; x_wconf 90' lang='lat' dir='ltr'>Nunc</span> <span class='ocrx_word' id='word_1_219' title='bbox 412 4040 589 4104; x_wconf 90' lang='lat' dir='ltr'>Claudiani</span> <span class='ocrx_word' id='word_1_220' title='bbox 616 4045 661 4105; x_wconf 82' lang='lat' dir='ltr'>od</span> <span class='ocrx_word' id='word_1_221' title='bbox 685 4044 906 4108; x_wconf 88' lang='lat' dir='ltr'>imitationem</span> <span class='ocrx_word' id='word_1_222' title='bbox 930 4064 1100 4126; x_wconf 80' lang='lat' dir='ltr'>expressos</span> <span class='ocrx_word' id='word_1_223' title='bbox 1125 4047 1215 4110; x_wconf 84' lang='lat' dir='ltr'>dicas</span> <span class='ocrx_word' id='word_1_224' title='bbox 1241 4049 1415 4112; x_wconf 89' lang='lat' dir='ltr'>arcessitos</span> 
     </span>
     <span class='ocr_line' id='line_1_34' title="bbox 240 4145 552 4224; baseline 0.006 -18"><span class='ocrx_word' id='word_1_225' title='bbox 240 4145 399 4224; x_wconf 89' lang='lat' dir='ltr'>quosdam</span> <span class='ocrx_word' id='word_1_226' title='bbox 417 4165 552 4209; x_wconf 85' lang='lat' dir='ltr'>versus:</span> 
     </span>
    </p>
   </div>
   <div class='ocr_carea' id='block_1_8' title="bbox 283 4313 1293 4591">
    <p class='ocr_par' dir='ltr' id='par_1_10' title="bbox 283 4313 1293 4591">
     <span class='ocr_line' id='line_1_35' title="bbox 283 4313 1253 4394; baseline 0.009 -27"><span class='ocrx_word' id='word_1_227' title='bbox 283 4313 339 4387; x_wconf 90' lang='lat' dir='ltr'>III,</span> <span class='ocrx_word' id='word_1_228' title='bbox 355 4333 384 4376; x_wconf 89' lang='lat' dir='ltr'>v.</span> <span class='ocrx_word' id='word_1_229' title='bbox 402 4317 478 4372; x_wconf 77' lang='lat'>124:</span> <span class='ocrx_word' id='word_1_230' title='bbox 495 4318 619 4375; x_wconf 87' lang='lat' dir='ltr'>Vincere</span> <span class='ocrx_word' id='word_1_231' title='bbox 634 4325 704 4376; x_wconf 83' lang='lat' dir='ltr'>tunc</span> <span class='ocrx_word' id='word_1_232' title='bbox 719 4321 835 4377; x_wconf 86' lang='lat' dir='ltr'>Thetim</span> <span class='ocrx_word' id='word_1_233' title='bbox 851 4327 943 4379; x_wconf 84' lang='lat' dir='ltr'>certat</span> <span class='ocrx_word' id='word_1_234' title='bbox 957 4323 1118 4394; x_wconf 85' lang='lat' dir='ltr'>Vulcanus,</span> <span class='ocrx_word' id='word_1_235' title='bbox 1136 4329 1165 4377; x_wconf 83' lang='lat' dir='ltr'>et</span> <span class='ocrx_word' id='word_1_236' title='bbox 1179 4322 1253 4381; x_wconf 80' lang='lat' dir='ltr'>altas</span> 
     </span>
     <span class='ocr_line' id='line_1_36' title="bbox 492 4416 1293 4491; baseline 0.009 -22"><span class='ocrx_word' id='word_1_237' title='bbox 492 4416 624 4472; x_wconf 81' lang='lat' dir='ltr'>Flamma</span> <span class='ocrx_word' id='word_1_238' title='bbox 637 4418 733 4474; x_wconf 87' lang='lat' dir='ltr'>trabes</span> <span class='ocrx_word' id='word_1_239' title='bbox 747 4419 860 4491; x_wconf 80' lang='lat' dir='ltr'>lambit,</span> <span class='ocrx_word' id='word_1_240' title='bbox 878 4420 901 4474; x_wconf 87' lang='lat' dir='ltr'>si</span> <span class='ocrx_word' id='word_1_241' title='bbox 916 4437 988 4491; x_wconf 88' lang='lat' dir='ltr'>quas</span> <span class='ocrx_word' id='word_1_242' title='bbox 1006 4419 1134 4490; x_wconf 89' lang='lat' dir='ltr'>offendit,</span> <span class='ocrx_word' id='word_1_243' title='bbox 1149 4427 1178 4476; x_wconf 87' lang='lat' dir='ltr'>et</span> <span class='ocrx_word' id='word_1_244' title='bbox 1190 4422 1293 4476; x_wconf 91' lang='lat' dir='ltr'>humor</span> 
     </span>
     <span class='ocr_line' id='line_1_37' title="bbox 496 4512 1204 4591; baseline 0.01 -25"><span class='ocrx_word' id='word_1_245' title='bbox 496 4512 531 4566; x_wconf 90' lang='lat' dir='ltr'>In</span> <span class='ocrx_word' id='word_1_246' title='bbox 546 4513 656 4569; x_wconf 89' lang='lat' dir='ltr'>fumum</span> <span class='ocrx_word' id='word_1_247' title='bbox 670 4522 699 4591; x_wconf 85' lang='lat' dir='ltr'>et</span> <span class='ocrx_word' id='word_1_248' title='bbox 713 4516 811 4587; x_wconf 84' lang='lat' dir='ltr'>nigros</span> <span class='ocrx_word' id='word_1_249' title='bbox 826 4535 856 4573; x_wconf 87' lang='lat' dir='ltr'>se</span> <span class='ocrx_word' id='word_1_250' title='bbox 871 4517 922 4572; x_wconf 86' lang='lat' dir='ltr'>flet</span> <span class='ocrx_word' id='word_1_251' title='bbox 935 4517 1058 4589; x_wconf 82' lang='lat' dir='ltr'>migrare</span> <span class='ocrx_word' id='word_1_252' title='bbox 1072 4535 1204 4589; x_wconf 81' lang='lat' dir='ltr'>vapores.</span> 
     </span>
    </p>
   </div>
   <div class='ocr_carea' id='block_1_9' title="bbox 0 0 1670 5468">
    <p class='ocr_par' dir='ltr' id='par_1_11' title="bbox 0 0 1670 5468">
     <span class='ocr_line' id='line_1_38' title="bbox 0 0 1670 5468; baseline 0 0"><span class='ocrx_word' id='word_1_253' title='bbox 0 0 1670 5468; x_wconf 95' lang='lat' dir='ltr'> </span> 
     </span>
    </p>
   </div>
  </div>
 </body>
</html>
