3306 5468
741 528 917 600 ,56-

284 673 326 736 ln
348 675 391 737 iis
414 692 544 756 quoque
569 675 774 738 orationibus
789 675 984 755 plerumque
1006 677 1216 755 reperiuntur
1232 678 1414 740 sententiae

238 781 360 860 quibus
374 789 479 844 totum
494 789 595 844 scatet
610 798 703 861 opus.
722 782 811 856 Quas
827 800 904 845 vero
919 799 1007 845 nuno
1023 800 1061 844 ex
1076 791 1224 845 veterum
1239 782 1339 845 libris
1356 785 1416 845 de-

241 897 386 966 sumptas
401 887 535 967 dixeris,
553 904 641 948 nunc
651 895 706 949 aut
716 888 900 966 presbyteri
915 896 972 948 aut
982 888 1166 967 jurisperiti
1180 907 1264 950 esse.
1282 888 1412 968 Super-

239 1012 378 1057 vacnum
387 993 638 1057 arbitrorrnulta
646 993 795 1072 exempla
802 995 960 1075 prolerre,
970 994 1411 1072 cumquamliliethoceidis

236 1101 392 1180 paginam
402 1101 526 1178 legenti
541 1110 691 1162 occurrat
705 1099 835 1179 aliquid
849 1100 1049 1163 sententiose
1065 1099 1202 1162 dictum.
1224 1101 1313 1175 Quot
1328 1101 1410 1163 inde

239 1215 400 1286 praecepta
415 1215 447 1269 et
467 1208 562 1268 effata
578 1221 748 1282 excerpere
764 1205 891 1285 liceret,
909 1223 981 1285 quae
1001 1222 1080 1267 sana
1094 1205 1199 1282 magis
1216 1215 1292 1268 sunt
1305 1225 1410 1286 quam

239 1313 383 1375 novitate
398 1313 539 1393 quadam
554 1308 750 1390 conspicua!
770 1311 879 1374 Pauca
900 1311 972 1374 haec
996 1311 1069 1372 sine
1093 1310 1163 1373 ullo
1183 1311 1314 1374 delectu
1329 1313 1408 1374 sub-

235 1421 353 1500 jiciam
366 1440 375 1482 ι

238 1588 346 1656 Naue,
362 1586 387 1656 I,
404 1603 432 1640 v.
451 1587 507 1641 159
525 1606 532 1639 z
554 1628 862 1645 ..........
881 1586 944 1643 Nec
960 1586 1022 1641 orbi
1039 1592 1083 1642 est

544 1683 664 1754 Longus
678 1684 811 1738 amicitiae
827 1701 881 1738 nec
896 1684 976 1755 pacis
991 1690 1074 1739 tenor
1078 1727 1161 1743 .....

358 1797 398 1867 11,
407 1817 437 1855 v.
453 1797 510 1854 714
524 1818 530 1852 :
554 1842 599 1859 ...
614 1843 620 1856 .
639 1800 731 1853 Frons
745 1807 856 1870 tegetes
870 1799 981 1855 habitat
994 1799 1153 1858 laetissima.
1170 1798 1283 1873 Regum

546 1895 675 1952 Grandia
690 1898 739 1950 sed
753 1902 871 1967 turgent
885 1896 1002 1953 horrore
1017 1898 1126 1970 palatia
1139 1904 1233 1955 vasto.

544 1995 626 2049 Dura
640 1994 745 2049 ducum
760 2011 821 2048 sors
836 2000 889 2053 eet.

359 2109 397 2176 V,
407 2127 434 2167 v.
453 2109 508 2163 131
523 2127 530 2162 :
548 2107 640 2173 Quam
655 2113 764 2163 metuat
779 2126 837 2163 rem
854 2109 943 2164 credit
958 2127 1041 2166 nemo
1055 2109 1189 2167 libenter.

360 2224 385 2292 1,
395 2242 425 2282 v.
444 2224 500 2278 642
518 2244 524 2278 ε
541 2222 695 2278 Nobilibus
708 2217 859 2278 commune
873 2222 941 2278 viria
956 2230 1000 2279 est
1015 2224 1109 2297 gloria
1124 2225 1202 2279 virus

545 2323 634 2377 Vanae
650 2328 679 2374 et
691 2321 786 2375 laudis
801 2322 883 2378 odor.

287 2479 445 2553 Quaedam
460 2498 537 2542 vero
553 2481 717 2560 ejusmodi
732 2488 808 2542 sunt
822 2480 993 2542 sententiae
1013 2489 1049 2542 ut
1065 2481 1101 2540 iu
1116 2481 1160 2542 iis
1174 2471 1408 2560 presbyterum

218 2591 219 2596 ’
241 2604 412 2665 agnosces.
436 2586 533 2648 Nunc
555 2587 645 2648 enim
668 2604 831 2649 summam
849 2586 913 2648 Dei
935 2587 1116 2665 potentiam
1131 2587 1410 2668 clementiamque

242 2701 499 2773 commemorat3
523 2711 611 2755 nunc
635 2693 838 2754 immortales
863 2710 935 2755 esse
960 2693 1088 2755 animas
1109 2711 1169 2755 nos
1194 2692 1360 2775 admonet,
1380 2702 1413 2756 et

241 2799 313 2878 ipsa
328 2817 463 2878 corpora
476 2798 517 2860 ad
532 2799 633 2859 vitam
649 2798 814 2860 reditura:

364 2969 407 3024 VI
434 2987 464 3025 v.
482 2970 579 3024 1150:

363 3012 424 3123 Ned
438 3067 583 3121 morimur.
602 3066 735 3120 Latitant
749 3066 785 3119 'ad
800 3071 913 3136 tempus
928 3083 1060 3136 corpora,
1075 3084 1189 3121 rursum

363 3165 400 3221 Se
412 3165 511 3220 visura
524 3164 661 3235 tubaeque
676 3164 845 3218 exauditura
860 3180 1024 3232 supremum

362 3259 546 3333 clangorem,
565 3268 592 3315 et
605 3261 705 3317 vivent
718 3278 782 3331 quae
798 3266 911 3314 mortua
925 3258 1058 3330 fingimus
1073 3276 1148 3318 osea.

290 3422 458 3504 Conjioies
481 3406 612 3502 quoque
634 3440 673 3483 ex
696 3419 762 3483 alio
782 3420 855 3483 loco
880 3428 1039 3498 nostrum,
1062 3427 1173 3498 utpote
1195 3421 1414 3506 sacerdotem,

245 3531 489 3592 excusationem
503 3528 645 3607 quodam
659 3528 754 3589 modo
770 3526 891 3606 pugnis
906 3527 950 3586 iis
960 3528 1161 3606 praetendere
1173 3544 1254 3607 quas
1269 3530 1415 3590 canendi

245 3637 450 3717 provinciam
476 3637 632 3715 suscepit.
660 3636 736 3696 Non
763 3644 812 3696 est
842 3635 932 3696 euim
961 3635 1173 3697 infitiandum
1198 3653 1274 3697 eum
1298 3634 1418 3715 praelia

246 3760 484 3822 nonnunquam
500 3743 651 3804 atrociter
669 3758 800 3801 narrare
816 3748 848 3802 et
862 3741 933 3802 iero
949 3742 1069 3817 gaudio
1087 3739 1250 3802 exsultare
1264 3739 1418 3804 hostium

246 3849 370 3912 eaedem
386 3848 464 3909 dum
478 3848 608 3928 copiose
624 3847 735 3908 refert.
754 3842 824 3930 (Cf.
847 3848 959 3923 Nunc,
984 3846 1049 3927 III,
1071 3865 1100 3907 v.
1120 3844 1183 3908 211
1205 3842 1271 3927 sq.)
1288 3845 1418 3908 Verum

246 3972 360 4035 pacem
379 3961 454 4015 ante
469 3953 581 4016 omnia
601 3951 697 4014 Petro
716 3952 808 4013 cordi
828 3970 899 4014 esse
921 3953 996 4031 quis
1011 3948 1175 4013 miretur?
1191 3952 1317 4012 Effusis
1333 3963 1421 4015 sane

249 4132 461 4141 ...----.--

251 4263 311 4300 esse
333 4263 348 4298 3
369 4251 398 4298 R.
422 4251 449 4297 C.
475 4248 599 4298 duillert
618 4247 653 4296 de
672 4245 858 4297 Pixc'rc'court.
881 4246 933 4306 Qui
952 4246 1099 4310 praesentio
1117 4247 1232 4296 vetustis
1251 4245 1327 4296 malis
1344 4245 1423 4298 haud

251 4321 333 4371 dubie
349 4319 507 4378 assimilans,
524 4319 630 4369 devicto
646 4318 802 4382 imperatori
816 4316 905 4368 allusit
919 4317 947 4367 in
961 4317 1012 4366 hec
1026 4317 1118 4368 fabule
1134 4333 1140 4365 :
1157 4317 1311 4367 charietto
1330 4317 1424 4368 Terne'·

251 4397 329 4443 retre
344 4406 379 4441 ou
394 4392 420 4440 le
435 4390 512 4453 Stdpe
527 4391 561 4440 de
574 4392 676 4453 Nosco,
692 4386 855 4438 mdlodrame
870 4387 1019 4451 historique
1031 4401 1066 4437 en
1081 4401 1161 4452 prose
1173 4391 1200 4436 et
1214 4387 1230 4436 d
1244 4386 1328 4450 grand
1341 4399 1425 4451 spec-

253 4462 331 4520 teole.
347 4459 507 4525 represent&
527 4474 596 4525 pour
613 4459 639 4509 la
657 4458 792 4523 premiere
811 4458 862 4508 lois
878 4457 893 4506 ‘a
913 4458 989 4507 Paris
1004 4471 1052 4507 sur
1067 4457 1091 4507 le
1108 4455 1224 4508 Theatre
1240 4458 1274 4508 de
1289 4457 1314 4507 la
1330 4457 1424 4518 Galte,

252 4532 277 4584 le
291 4534 322 4583 26
336 4532 447 4582 octobre
464 4531 532 4582 1814.
548 4531 643 4594 (Pario,
659 4531 754 4580 Borbe.
773 4528 852 4593 1814.)
