3306 5468
713 1007 861 1072 CAPUT
886 1008 938 1069 ΙΙΙ

247 1223 332 1285 QUAE
355 1225 500 1276 PETRUS
523 1224 571 1276 DE
595 1225 716 1277 BLARO
742 1226 830 1277 RIVO
857 1225 1048 1278 ORATORIA
1067 1224 1141 1275 AUT
1162 1222 1323 1283 POETICA
1344 1221 1408 1273 OR-

298 1357 480 1410 NAMENTA
504 1358 822 1411 EXCOGITAVERIT·
844 1360 964 1411 -DE
989 1357 1148 1411 DEORUM
1173 1356 1406 1431 Mntlsrltntts

299 1489 338 1541 ΙΝ
364 1490 562 1547 NANCEIDE.

290 2157 362 2218 Etsi
379 2181 394 2210 α
409 2156 606 2219 historicum
619 2181 633 2211 a
647 2157 763 2236 seipse
776 2163 890 2218 noster
903 2155 1060 2237 appellat,
1072 2173 1138 2219 uon
1151 2163 1260 2218 tamen
1270 2155 1406 2219 oblivis-

245 2265 385 2326 cendum
399 2271 449 2325 est
464 2282 540 2325 eum
552 2271 655 2344 poetae
666 2282 797 2346 quoque
807 2281 929 2327 nomen
939 2269 1161 2325 consectatum
1176 2281 1261 2324 asse.
1277 2262 1406 2345 Itaque,

246 2388 432 2450 quanquam
447 2388 557 2432 rerum
567 2379 733 2448 gestarum
743 2371 865 2432 seriem
878 2369 980 2432 nimis
990 2369 1086 2431 auxie
1097 2369 1279 2432 servavisse
1296 2368 1408 2431 existi·

244 2482 352 2537 matus
377 2485 438 2557 est,
463 2475 683 2539 nihilomiuus
710 2484 742 2539 et
770 2483 886 2539 eventa
914 2476 1028 2537 ordine
1052 2476 1195 2555 quodam
1210 2475 1407 2554 composuit,

244 2600 308 2662 quo
322 2582 464 2645 vividior
478 2584 621 2646 narratio
636 2584 728 2646 fieret
742 2591 773 2645 et
796 2583 837 2644 ad
859 2582 1068 2644 delectandos
1089 2580 1228 2645 lectores
1242 2581 1358 2661 aptior,
1379 2588 1411 2641 et

244 2693 392 2754 Nancet'da'
414 2692 577 2753 orationes
601 2692 720 2754 multas
743 2691 883 2754 intexuit
905 2690 1035 2776 aiiaque
1057 2691 1156 2752 etiam
1171 2691 1299 2771 poetica
1314 2706 1410 2751 orna·

244 2803 356 2858 menta
372 2803 576 2859 commentus
603 2805 667 2877 est,
692 2797 811 2877 quihus
840 2797 998 2876 expositio
1028 2797 1116 2858 nuda
1138 2797 1406 2877 distingueretur,

244 2903 387 2982 denique
409 2902 569 2966 nonnulla
594 2905 730 2966 deorum
761 2903 948 2965 ministeria
974 2896 1137 2966 adhibuit.
1167 2902 1408 2984 inquirendum

244 3009 347 3086 igitur
369 3027 433 3089 qua
446 3018 513 3071 arte
527 3028 643 3088 poema
661 3011 788 3072 variare
811 3018 843 3072 et
864 3011 1031 3073 illustrare
1053 3018 1165 3072 noster
1186 3011 1361 3073 tentaverit
1377 3016 1409 3071 et

243 3137 302 3198 per
317 3118 447 3196 singula
462 3119 621 3182 eundum.

288 3224 336 3286 Ea
348 3235 456 3288 mente
471 3226 654 3288 Naaceident
668 3226 849 3304 vdigessisse
863 3233 894 3287 et
910 3226 1067 3288 struxisse
1084 3226 1203 3287 Petrus
1224 3226 1354 3287 videtur
1373 3233 1409 3287 ut

244 3328 362 3392 clarius
389 3339 558 3410 appareret
586 3332 699 3394 nimiae
728 3332 923 3394 ambitionis
949 3333 1054 3411 justas
1084 3330 1242 3394 Carolum
1275 3331 1407 3393 dedisse

242 3454 356 3514 poeuas
371 3444 402 3498 et
417 3437 543 3515 abipso
558 3437 627 3499 Deo
642 3438 813 3499 victoriam
828 3438 956 3500 Renato
971 3445 1119 3523 paratam
1134 3456 1206 3500 essa
1219 3456 1277 3516 pro
1286 3438 1360 3517 jure
1376 3447 1408 3499 et

243 3543 349 3620 patria
362 3542 534 3620 pugnanti.
550 3541 571 3604 J
573 3561 626 3619 am
639 3548 714 3605 ante
729 3551 947 3605 memoratum
963 3552 1012 3604 est
1031 3542 1108 3604 huic
1124 3542 1289 3622 tragoediae
1309 3561 1407 3623 quam

242 3651 329 3712 circa
343 3647 484 3739 Nanceii
501 3650 624 3710 moeuia
639 3655 743 3711 actam
761 3667 833 3711 esse
847 3650 950 3731 dicas,
962 3649 1122 3710 interesse
1143 3649 1293 3711 divinam
1310 3650 1406 3712 illam

241 3754 361 3841 νέμεσιν
372 3773 443 3834 quae
456 3755 530 3835 plus
540 3773 639 3836 quam
647 3755 793 3818 humana
803 3757 955 3835 superbia
966 3774 1001 3816 se
1013 3755 1187 3817 efferentes
1198 3755 1353 3835 impellit,
1369 3764 1406 3818 ut

241 3861 404 3941 praecipiti
418 3862 559 3939 denique
574 3862 669 3939 lapsu
684 3861 871 3925 concidant.
890 3861 960 3924 Hoc
975 3861 1152 3923 imminere
1169 3860 1286 3924 Carclo
1305 3863 1405 3924 iatum

238 3969 305 4047 jam
333 3969 373 4030 ah
395 3968 492 4030 initio
517 3970 677 4048 poematis
701 3969 872 4047 docemur,
899 3969 1078 4048 multisque
1101 3986 1159 4047 per
1188 3977 1294 4030 totum
1324 3987 1405 4048 opus

242 4075 414 4136 sententiis
437 4092 610 4137 monemur
624 4094 695 4137 esse
719 4075 878 4154 quasdam
898 4092 1009 4136 rerum
1028 4075 1118 4136 vices
1144 4083 1176 4137 et
1199 4076 1311 4136 omnia
1331 4093 1403 4155 quae

241 4187 450 4243 excesserunt
464 4182 598 4243 modum
610 4182 706 4244 citius
717 4181 883 4244 tardiusve
892 4182 1032 4243 ruitura.
1045 4182 1109 4242 His
1122 4182 1231 4243 verbis
1249 4181 1404 4243 Carolum

240 4285 388 4366 increpat
402 4295 532 4350 noster:

279 4445 304 4513 I,
321 4464 351 4501 v.
369 4447 424 4501 697
441 4464 483 4518 sq.
499 4464 506 4499 ε
533 4488 804 4506 .........
825 4447 869 4501 Te
884 4464 959 4501 mors
973 4446 1049 4501 balla
1065 4446 1209 4502 volentem

530 4544 641 4600 Evocat
656 4549 685 4600 et
698 4545 809 4600 tumulo
823 4545 922 4615 faciet,
939 4562 998 4598 non
1013 4545 1106 4614 tarda,
1125 4544 1265 4622 quietum.
