3306 5468
732 548 909 617 „72-

236 715 309 777 quae
326 704 472 758 veterum
486 703 657 774 poetarum
671 696 739 757 ritu
762 696 902 773 auguria
917 693 1029 756 attulit
1044 701 1100 755 aut
1115 694 1245 757 elevare
1261 703 1320 757 aut
1336 696 1411 758 des-

237 812 347 865 truere
362 803 483 864 studet.
503 801 555 864 Cf.
573 801 639 882 ΙΙΙ,
659 800 722 863 144
736 822 786 882 sq.

282 909 490 971 Recentioris
508 926 583 971 vero
601 911 757 987 temporis
773 908 921 988 mythico
937 906 1115 968 admodum
1126 924 1198 969 raro
1210 908 1245 969 in
1256 908 1413 990 Noriceide

238 1018 396 1096 reperias.
414 1016 476 1076 Vix
493 1015 541 1077 ibi
556 1016 635 1077 duas
646 1024 702 1077 aut
720 1025 785 1078 tres
801 1018 887 1078 inter
898 1035 953 1077 cas
968 1013 1097 1077 fabulas
1109 1033 1189 1094 quas
1205 1040 1219 1068 ‹
1237 1017 1378 1094 legerentur
1393 1041 1408 1070 a

239 1125 342 1185 medii
366 1124 428 1184 aevi
454 1124 627 1201 scriptores
650 1109 861 1203 vocaverunt,
885 1130 1155 1185 commemoratas
1175 1122 1336 1201 excerpsi.
1357 1121 1411 1182 Ad

240 1230 328 1292 huuc
343 1247 496 1290 versum:
1363 1237 1366 1240 ’

279 1398 388 1466 Nona,
404 1396 430 1463 Ι,
445 1414 475 1452 v.
492 1397 560 1451 221.
578 1396 655 1449 Lilia
670 1395 827 1463 concussit,
844 1396 974 1448 demissos
988 1394 1087 1448 aetlzerc
1095 1394 1193 1463 florae,

241 1557 412 1618 annotavit
435 1557 468 1618 J.
491 1555 655 1616 Basinus:
684 1581 697 1608 α
724 1554 895 1616 Demissos
919 1555 1034 1616 flores:
1056 1554 1188 1615 tradunt
1209 1552 1412 1613 Francorum

241 1679 358 1738 regum
372 1660 508 1722 ainrales
526 1679 638 1722 eorum
655 1661 786 1738 insigne
809 1660 890 1722 olim
911 1659 1091 1722 husonibus
1110 1660 1216 1720 tribus
1237 1657 1342 1723 luisse
1359 1657 1414 1718 ‹le-

243 1768 378 1848 pictum,
403 1767 492 1846 quod
514 1776 627 1845 postea
650 1767 754 1828 tribus
777 1765 927 1827 liliorum
951 1764 1088 1826 floribus
1114 1763 1282 1827 Clodoveo
1303 1763 1414 1842 primo

243 1872 444 1935 Francorum
462 1873 533 1949 regi
548 1872 730 1936 christiano
746 1871 876 1934 oaelitus
891 1872 1004 1933 missis
1018 1872 1206 1933 decoratum
1218 1876 1266 1931 est
1276 1867 1299 1930 ¹.
1319 1894 1334 1922 »

288 1976 384 2038 Adde
399 1977 483 2039 hanc
500 1978 538 2039 de
553 1979 741 2040 atertontoas
760 2005 774 2032 ‹
793 1979 949 2056 legendum
966 1998 1002 2037 »:

284 2144 324 2215 ΙΙ,
342 2163 369 2201 v.
386 2145 443 2199 186
458 2161 501 2214 sq.
518 2164 525 2198 :
548 2186 823 2203 .........
844 2143 990 2212 Novitque
1006 2140 1155 2218 (Carolus)
1169 2160 1299 2198 sororum

412 2241 503 2313 Signa
516 2241 603 2295 trium
617 2242 778 2306 voluerum,
795 2239 901 2311 quibus
915 2247 959 2295 est
976 2240 1065 2295 alerio
1081 2258 1197 2312 nomen,

411 2341 448 2392 Et
463 2355 535 2408 quos
550 2356 598 2392 rex
615 2337 738 2409 Solymae
756 2337 940 2393 Godofredus
954 2337 1055 2392 fixerat
1070 2356 1150 2407 arcu,

410 2437 552 2506 Tempore
566 2435 737 2490 Davidieam
753 2453 810 2506 quo
825 2438 926 2491 turrim
941 2437 1054 2492 obsedit
1069 2437 1100 2490 in
1115 2437 1174 2491 alto

410 2533 509 2586 Monte
524 2532 605 2586 sitam
623 2531 704 2605 Sion,
721 2539 808 2604 atque
823 2533 874 2588 has
890 2540 921 2588 ut
934 2534 1018 2602 vidit,
1035 2533 1152 2588 abivit².

409 2630 522 2685 Nomen
538 2637 567 2684 et
580 2630 635 2683 hoc
651 2629 747 2685 avium
764 2637 817 2701 est,
835 2638 868 2685 ut
882 2631 960 2685 fama
976 2637 1018 2686 est
1033 2637 1146 2702 auctor,
1163 2630 1201 2684 ab
1215 2630 1268 2686 alis

411 2727 517 2795 Acriis,
536 2728 604 2796 quia
617 2746 649 2782 sc
665 2746 805 2782 summum
821 2746 908 2799 super
921 2746 990 2783 aera
1002 2734 1122 2799 possent

411 2825 498 2878 Ferre
512 2826 600 2896 leves,
618 2826 700 2879 terris
715 2843 862 2896 nunquam
877 2826 933 2879 nisi
947 2833 1038 2880 morte
1053 2828 1163 2897 petitis.

409 2921 471 2974 Has
485 2922 542 2974 dux
556 2922 717 2993 nubigenas
732 2921 866 2992 ducibus,
883 2921 1060 2993 Godofrede,
1078 2923 1247 2996 Lothringis

314 3039 316 3042 ¹
410 3019 502 3072 Morte
516 3018 668 3088 reliquisti,
684 3019 790 3089 quibus
805 3027 834 3074 et
848 3021 952 3075 vexilla
966 3021 1097 3076 Renatus

413 3115 579 3187 Insigniret,
598 3133 723 3186 avesque
739 3124 859 3189 argento
874 3118 1051 3189 insculperet
1064 3118 1157 3177 albas.

410 3217 589 3270 Transverso
603 3215 714 3270 sedeas
728 3218 853 3286 pendere
868 3217 898 3270 iu
914 3218 991 3273 nubo
1006 3235 1057 3287 per
1071 3218 1133 3273 ariri
1172 3268 1175 3273 .

411 3312 564 3367 Planitiem
579 3312 682 3383 voluit,
699 3314 864 3384 nubemque
879 3313 1026 3384 Synopide
1040 3314 1126 3385 tingi,

280 3616 420 3666 iliadem
440 3616 517 3666 multi
535 3617 715 3677 tradiderunt,
732 3632 848 3683 quorum
868 3619 1024 3670 testimonia
1038 3621 1150 3686 protulit
1165 3622 1284 3674 Joannes
1298 3622 1426 3676 lacobus

248 3685 388 3736 Chitletius
402 3685 430 3734 in
444 3686 513 3738 libro
529 3689 576 3753 qni
589 3688 765 3739 inscribitur:
781 3693 885 3741 Litium
898 3694 1066 3742 Francicunr
1080 3697 1199 3744 veritate
1217 3695 1362 3751 historica,
1380 3695 1426 3746 bo·

246 3760 342 3807 tonica
360 3759 387 3806 ct
401 3757 550 3807 berotdtco
569 3760 743 3810 illustratum
764 3759 941 3824 (antverpia,
958 3776 991 3811 ex
1008 3763 1113 3813 officina
1129 3763 1299 3814 plantiniana
1314 3764 1425 3817 Baltha·

247 3828 314 3877 saris
328 3827 435 3883 Moreti.
451 3828 634 3891 Moonvssb,
651 3844 676 3894 p.
689 3831 719 3880 30
730 3844 770 3895 sq.
787 3830 838 3881 Hic
853 3832 967 3882 Roberti
982 3832 1099 3897 Gaguini
1114 3833 1164 3895 (Dc
1179 3838 1351 3886 Francorum
1366 3853 1427 3899 pes·

247 3903 290 3961 tis)
312 3899 396 3948 verba
417 3901 573 3951 exscribere
593 3902 658 3952 satis
677 3902 753 3952 erit:
775 3919 784 3948 o
802 3900 863 3954 Non
882 3905 1030 3968 praeteribo
1050 3906 1101 3955 hoe
1122 3905 1181 3955 loco
1201 3906 1329 3970 adjicere,
1348 3908 1427 3970 quod

249 3987 258 4013 l
276 3969 348 4019 nullo
360 3975 435 4020 certo
446 3976 566 4031 auctore,
578 3973 627 4023 sed
638 3978 831 4037 perseverante
844 3974 877 4024 ad
892 3975 962 4025 hanc
978 3990 1067 4034 meam
1080 3981 1188 4027 aetatem
1203 3979 1274 4027 sama
1284 3978 1427 4042 vulgatum

250 4059 260 4086 l
277 4042 380 4105 accepi,
400 4042 485 4092 fuisse
506 4042 627 4107 Regibus
650 4045 759 4094 Francis
780 4046 904 4108 Busoacs
922 4050 979 4096 tros
997 4047 1143 4098 nobilitatis
1163 4049 1275 4112 quidem
1297 4048 1425 4116 Insigne;

249 4129 259 4155 l
276 4112 325 4161 sed
341 4111 476 4162 Glodoveo
492 4112 650 4164 Christianis
665 4117 749 4165 sacris
765 4117 869 4166 initiato
885 4117 1034 4167 demissum
1050 4118 1116 4168 caelo
1132 4132 1192 4169 esse
1208 4120 1244 4178 id,
1261 4120 1335 4184 quod
1348 4134 1427 4170 nunc

250 4199 259 4227 u
276 4182 366 4245 Reges
381 4186 496 4246 gestant,
511 4187 586 4237 Lilia
600 4200 697 4249 aurea,
713 4187 813 4250 quibus
828 4189 924 4238 subest
936 4189 995 4238 caeli
1009 4190 1099 4239 sereni
1115 4190 1197 4249 color,
1213 4205 1296 4255 quem
1312 4205 1428 4242 ozurum

251 4251 374 4302 «Franci
394 4254 496 4304 dicunt.
517 4254 559 4305 Ad
578 4256 649 4306 hanc
670 4270 729 4306 rem
748 4258 814 4307 mihi
835 4257 1015 4321 adstipulatur
1038 4260 1098 4309 Divi
1113 4260 1306 4320 Bartholomaei
1320 4262 1429 4313 Mones·

251 4340 260 4366 l
277 4323 384 4384 terium,
404 4324 477 4388 quod
498 4327 638 4376 Gaudium
659 4329 742 4377 Voltis
762 4329 922 4393 appellatur,
943 4331 991 4380 ubi
1010 4332 1080 4388 sons
1097 4332 1178 4395 hujus
1199 4332 1322 4382 miraculi
1336 4334 1427 4394 testis.

251 4410 261 4438 l
278 4394 312 4444 ab
327 4393 422 4444 incolis
438 4396 599 4446 ostenditur.
618 4415 628 4442 a

279 4465 302 4513 ‘L
324 4463 390 4515 Haec
417 4480 526 4536 quoque
550 4468 634 4518 relata
657 4468 835 4538 inveniuntur
858 4470 885 4520 in
909 4472 1052 4522 tredecimi
1074 4472 1168 4524 saeculi
1193 4479 1319 4538 poemate
1343 4476 1422 4540 quod

251 4535 411 4587 inscribitur
427 4555 432 4586 :
448 4540 487 4588 Lo
504 4539 631 4589 Choason
646 4541 814 4590 d'Anttocte.
