3306 5468
730 567 908 638 ..49-

238 720 339 783 etium
353 719 559 781 humanitate
584 715 694 779 Caroli
708 718 843 789 fratrem
861 715 1044 778 Antonium
1059 717 1284 779 consolatione
1297 716 1402 779 lenire

240 826 404 890 studuerit
418 843 493 887 cum
508 825 719 886 ornatissima
734 823 831 885 laude
846 824 947 884 refert
961 822 1078 885 Petrus
1094 824 1134 885 de
1149 823 1249 886 Blaro
1263 823 1348 887 Rivo
1364 843 1373 884 z

281 993 327 1052 Cf.
343 994 451 1062 Nona,
466 992 519 1061 VI,
534 1011 563 1048 v.
582 993 659 1047 1078
672 1008 715 1062 sq.
729 1010 735 1044 :

493 1088 550 1152 Qui
563 1086 718 1162 (princeps)
734 1089 801 1142 dum
817 1099 857 1155 te,
875 1087 987 1156 Carole,
1003 1088 1112 1153 victum

492 1186 622 1258 Respicit
636 1186 811 1239 illacrimans
828 1205 834 1239 :
852 1185 971 1241 Utinam
986 1184 1038 1240 tibi
1053 1185 1148 1240 vivere
1160 1203 1232 1256 pace

495 1285 662 1355 Composita
676 1283 824 1338 licuisset!
841 1283 892 1343 ait.
911 1283 1027 1337 Tellure
1043 1269 1156 1337 tuorum

497 1381 658 1436 Contentus
671 1385 786 1451 poteras
802 1381 859 1434 dici
875 1380 1015 1450 praedives
1029 1397 1149 1436 avorum
1159 1382 1179 1435 ¹.

326 1497 365 1558 V.
386 1496 459 1552 1084
473 1517 479 1551 :
499 1536 1003 1554 ................
1027 1494 1075 1549 Ad
1087 1494 1153 1564 ista,

498 1592 563 1648 Sint
577 1592 647 1647 mihi
662 1594 690 1646 di
704 1600 804 1661 testes,
820 1591 947 1661 processi
962 1590 1038 1644 bella
1053 1596 1182 1661 coactus,

494 1690 533 1744 Et
548 1707 634 1743 cerno
650 1689 758 1744 invitus
773 1696 831 1743 tam
847 1688 1043 1742 crudelissima
1057 1689 1093 1744 dc
1105 1694 1134 1743 te

494 1786 598 1843 Afferri
612 1788 659 1842 hic
674 1787 758 1842 nobis
773 1787 950 1853 spectacula.
964 1829 971 1844 .
985 1830 1010 1844 ..
1031 1805 1075 1858 sq.

290 1949 405 2010 Nonne
421 1968 460 2011 ex
474 1949 517 2008 iis
528 1956 559 2011 et
573 1947 687 2010 multis
698 1946 788 2028 aliis,
800 1965 872 2026 quae
884 1947 995 2008 afferri
1012 1955 1157 2026 possent,
1174 1947 1333 2027 exemplis
1344 1947 1410 2010 eol-

244 2056 304 2131 ligi
328 2063 434 2135 potest
452 2057 487 2116 in
509 2055 734 2118 descrihendis
754 2055 929 2133 praecipuis
950 2054 1051 2133 hujus
1073 2055 1239 2132 tragoediae
1260 2055 1409 2134 personis

244 2170 394 2223 nostrum
419 2180 453 2223 se
476 2163 556 2223 satis
580 2178 710 2240 acquum
735 2160 941 2239 praestitisse,
966 2165 997 2220 ct
1018 2159 1169 2236 quamvis
1190 2167 1258 2220 toto
1280 2168 1410 2239 pectore

244 2266 509 2347 Renatofaveat,
531 2275 729 2328 nontamen
751 2265 791 2326 ah
815 2283 853 2327 eo
878 2265 1085 2342 depravatam
1108 2274 1139 2326 et
1163 2264 1411 2328 dehonestatam

244 2373 349 2434 luisse
365 2373 620 2450 llurguudorum
635 2371 728 2433 ducis
746 2367 915 2448 effigiem?

290 2476 384 2539 Idem
399 2478 439 2540 de
454 2477 531 2540 aliis
545 2465 697 2556 personis
714 2477 824 2539 dicere
839 2477 920 2538 licet
941 2493 1014 2555 quae
1028 2476 1063 2536 ln
1078 2477 1184 2538 nostri
1197 2484 1350 2556 poemate·
1360 2495 1410 2538 se·

247 2585 369 2645 cundas
385 2591 416 2645 et
430 2584 521 2646 leves
543 2584 738 2663 plerumque
760 2593 867 2661 partes
889 2590 1001 2659 agunt.
1029 2581 1175 2654 Quarum
1189 2583 1338 2661 quaedam
1356 2584 1411 2649 vix

245 2709 283 2751 ex
297 2690 472 2754 intervallo
482 2697 648 2770 apparent,
661 2698 697 2751 ut
713 2689 901 2750 Ludovicus
912 2687 972 2750 ille
983 2687 1181 2750 Francorum
1192 2706 1261 2770 ren,
1273 2689 1329 2767 qui
1342 2707 1411 2752 rem

245 2807 355 2877 totam,
378 2805 414 2858 ut
435 2795 566 2859 tradunt
581 2814 691 2858 rerum
712 2797 901 2877 scriptores,
918 2795 1046 2857 occulte
1063 2804 1094 2857 ct
1108 2814 1167 2874 per
1181 2795 1293 2858 dolum
1307 2796 1410 2857 admi-

244 2902 417 2983 nistrabat,
445 2901 609 2982 opulentae
634 2901 769 2964 inhians
791 2901 924 2982 prada,
947 2911 977 2962 et
1000 2917 1128 2962 araneae
1152 2901 1273 2963 similis
1297 2919 1411 2981 quaea

244 3009 353 3070 media
368 3009 433 3070 tcla
447 3018 572 3074 remota
587 3007 681 3070 aliud
695 3024 792 3084 agere
806 3007 948 3086 videtur,
966 3006 1107 3085 vigilans
1122 3014 1234 3068 tamen
1249 3014 1280 3068 ct
1298 3008 1327 3068 si
1337 3025 1411 3086 cap-

246 3121 318 3176 tura
339 3114 508 3196 inciderit,
525 3115 567 3176 ad
588 3132 719 3176 cursum
741 3122 864 3194 parata.
888 3113 981 3193 Haec,
999 3121 1034 3176 ut
1055 3113 1123 3174 alia
1145 3113 1264 3193 saepius
1289 3115 1411 3177 usitata

244 3219 464 3282 similitudine
486 3228 571 3302 utar,
590 3219 751 3283 Ludovict
775 3237 850 3280 cum
875 3218 993 3282 Carolo
1017 3220 1197 3300 contentio,
1212 3218 1321 3299 vulpis
1336 3237 1410 3282 cum

243 3323 322 3405 lupo
338 3333 503 3389 certamen
513 3317 590 3410 jore
604 3333 711 3406 potest
725 3324 885 3404 appellari
896 3324 918 3386 ².

277 3650 298 3700 l.
314 3648 354 3699 Cf.
370 3649 411 3698 De
427 3649 552 3708 Barante,
569 3663 612 3713 op.
628 3651 685 3712 cit„
701 3653 720 3700 t.
736 3648 784 3707 XI,
800 3662 828 3712 p.
846 3649 889 3699 159
906 3666 911 3697 :
930 3667 940 3694 l
957 3649 994 3700 Le
1016 3649 1068 3700 duc
1084 3650 1117 3700 de
1139 3650 1267 3700 Lorraine
1282 3651 1340 3701 s'en
1355 3652 1411 3700 viut

246 3739 257 3766 l
270 3723 342 3784 jeter
357 3720 390 3770 de
405 3719 474 3770 l'eau
488 3718 580 3770 he'uite
595 3733 643 3770 sur
656 3719 681 3770 le
697 3733 777 3783 corps
787 3719 824 3768 du
839 3719 1016 3779 malheureux
1030 3720 1134 3784 priuce.
1144 3720 1167 3769 ll
1180 3720 1219 3770 lui
1233 3721 1286 3784 prit
1300 3721 1325 3771 la
1339 3722 1411 3771 main

246 3809 256 3838 r
273 3791 447 3856 par-dessous
463 3790 487 3841 le
502 3791 581 3855 potle
599 3807 604 3840 :
624 3790 686 3840 Ah!
708 3790 775 3840 cher
794 3790 898 3848 cousin,
915 3789 991 3848 dit-il,
1007 3790 1047 3840 les
1061 3791 1159 3841 larmos
1174 3805 1227 3840 aux
1242 3805 1321 3855 yeux,
1340 3792 1410 3842 Dieu

246 3861 369 3913 «veuille
388 3862 464 3911 avoir
483 3865 559 3912 votre
578 3861 647 3919 dms,
669 3872 736 3909 vous
755 3872 824 3909 nous
844 3874 908 3910 avez
928 3862 976 3910 fait
994 3862 1059 3912 bien
1078 3862 1126 3912 des
1145 3876 1226 3911 maux
1241 3866 1268 3912 et
1283 3863 1332 3913 des
1347 3863 1411 3913 dou·

246 3951 256 3978 t
272 3933 355 3984 leurs.
372 3950 382 3978 t
1479 3929 1482 3939 '

274 4004 297 4054 2.
316 4021 326 4048 c
343 4004 381 4054 Le
397 4003 477 4053 vieux
491 4002 589 4068 poema
604 4003 714 4068 gaulois,
731 4000 826 4066 repeto
840 4016 904 4052 sous
920 4010 985 4053 cent
1002 4005 1114 4063 formes
1132 4003 1290 4055 l'amusante
1307 4003 1410 4069 epopee

246 4091 256 4120 c
273 4075 306 4124 de
322 4075 434 4124 messire
450 4074 526 4139 Loup
542 4079 569 4125 et
584 4075 618 4124 de
633 4076 729 4124 mettre
745 4073 864 4132 Renum,
880 4073 950 4124 voila
965 4088 997 4125 ce
1013 4088 1066 4139 que
1087 4075 1111 4125 le
1128 4076 1279 4140 quinzieme
1297 4076 1381 4126 siecle
1396 4089 1412 4124 a

221 4206 225 4211 .
245 4161 255 4188 o
273 4159 322 4194 cru
331 4145 421 4194 revoir
431 4145 498 4195 dous
508 4145 534 4195 lo
544 4143 666 4196 seriouse
678 4144 790 4194 histoire
802 4144 835 4194 de
846 4144 957 4195 Charles
969 4145 994 4195 le
1006 4144 1161 4196 Temeraire
1177 4152 1205 4196 at
1220 4147 1253 4196 de
1268 4147 1350 4197 Louis
1361 4146 1411 4196 Xl.

245 4232 255 4258 c
272 4213 344 4265 C'est
357 4224 427 4279 pour
447 4219 492 4266 c‘ct
509 4217 560 4280 ige
575 4229 680 4267 comme
695 4229 732 4265 un
746 4215 810 4279 long
823 4215 931 4276 labdau,
946 4230 987 4282 sq.
1006 4235 1016 4263 r
1035 4217 1180 4280 (Michelet
1197 4233 1240 4281 op.
1256 4221 1312 4280 cit,
1327 4217 1412 4267 Aver-

243 4286 402 4350 tissemeut.)
659 4333 664 4341 .

274 4356 334 4406 Jam
359 4363 453 4409 noster
475 4359 550 4423 vulpi
568 4360 713 4420 Renotum,
733 4359 782 4409 sed
800 4359 874 4410 leoni
896 4359 1020 4410 Carolum
1038 4363 1066 4410 et
1087 4373 1137 4424 per
1160 4359 1280 4410 derisum
1302 4373 1411 4425 quoquc

245 4429 342 4492 cuponi
356 4436 559 4495 comparaverat
575 4450 580 4481 :

296 4510 378 4562 Noae,
387 4513 431 4564 111,
441 4523 463 4552 v.
474 4515 514 4554 200
525 4525 559 4562 sq.
571 4523 576 4552 c
588 4515 637 4553 Mos
646 4517 695 4553 erat
705 4518 727 4553 et
736 4514 827 4565 Borma,
837 4524 888 4553 cum
898 4514 926 4553 de
935 4514 991 4553 duce
1000 4514 1069 4553 verba
1078 4484 1165 4554 Renato

589 4573 739 4626 Gontlcercnt,
749 4575 824 4623 ipsum
833 4575 893 4615 hunc
902 4576 994 4626 vulpem
1004 4576 1128 4616 acclamare
1137 4576 1240 4624 fugacem

350 4672 382 4702 nu
397 4673 529 4707 nuncnune.
1293 4667 1306 4706 4
