3306 5468
718 581 760 592 ..
784 542 895 613 50..

267 689 343 751 Jam
360 707 460 769 supra
475 694 692 750 memoratum
707 695 757 749 est
776 688 912 749 Petrum
922 688 1053 750 infenso
1065 688 1176 750 animo
1191 703 1269 765 erga
1284 687 1399 748 Ludo-

223 796 334 857 vicum
348 795 465 877 inisse,
483 795 536 856 cui
552 795 685 857 crimini
702 794 798 856 dabat
818 795 905 873 quod
925 795 965 857 de
987 794 1113 856 Renato
1128 795 1327 856 detraxisset
1343 793 1399 854 vel

224 909 310 964 certe
326 901 356 963 ei
372 901 460 963 haud
476 919 586 981 parem
603 901 731 962 meritis
754 903 894 978 gratiam
915 900 1096 983 retulisset,
1114 902 1217 963 immo
1233 901 1398 962 victorem

224 1008 404 1071 avictoriae
421 1007 582 1069 fructibus
600 1007 692 1068 omui
705 1024 765 1086 ope
780 1007 1001 1069 intercludere
1021 1017 1154 1070 conatus
1175 1014 1273 1068 esset.
1291 1005 1397 1068 Fran-

227 1131 338 1176 corum
353 1114 455 1192 igitur
469 1114 557 1191 regis
573 1114 676 1193 carpit
694 1121 807 1176 noster
820 1113 1036 1176 inhumanam
1051 1113 1219 1176 duritiam.

263 1281 308 1338 ef.
326 1283 352 1352 1,
368 1301 397 1342 v.
414 1283 471 1338 597
486 1302 492 1337 ε
519 1321 742 1342 ........
749 1281 843 1353 pietas
856 1283 886 1336 in
900 1282 1030 1353 principe
1043 1282 1067 1337 si
1077 1300 1139 1353 qua
1153 1288 1207 1342 est.

270 1443 350 1517 Quae
365 1443 420 1505 hic
435 1443 589 1520 ambigue
606 1444 795 1526 dictasunt,
814 1444 911 1524 alias,
929 1444 1053 1506 urbana
1071 1442 1220 1506 adhibita
1233 1442 1394 1504 dissimu-

222 1548 359 1631 latione,
377 1549 473 1610 iterat
491 1569 498 1610 :

174 1775 177 1781 ,
260 1721 368 1789 Nunc,
383 1719 436 1788 lv,
453 1738 481 1778 v.
500 1720 514 1772 1
532 1736 598 1790 sq.:

433 1816 522 1888 Regis
537 1822 567 1871 at
581 1817 691 1872 interea
706 1817 810 1872 Franci
824 1818 939 1888 galeata
952 1817 1070 1873 sedebat

432 1913 479 1970 Ad
495 1914 602 1987 Mopsae
616 1914 707 1986 ripam
722 1913 810 1986 legio,
827 1932 891 1986 quae
906 1915 1028 1986 pulchra
1041 1914 1134 1970 Leoni

434 2012 518 2084 Spem
526 2012 626 2081 dabat,
637 2018 668 2067 at
677 2010 790 2082 falsam,
804 2017 942 2083 quantum
954 2014 1080 2085 vulgaris
1089 2012 1214 2069 habebat

433 2107 619 2180 Conjectura.
634 2111 714 2164 Bono
732 2127 784 2164 sua
797 2111 859 2181 regi
874 2127 982 2165 arcana
995 2111 1139 2182 relinquo,

434 2207 464 2263 Si
481 2207 691 2279 consanguinei
704 2208 782 2262 hunc
797 2207 883 2263 talem
897 2224 1002 2262 novere
1018 2208 1173 2277 ducesque.

267 2364 405 2427 Sincera
419 2372 530 2426 autem
547 2366 611 2426 fide
626 2365 706 2444 quid
720 2365 760 2427 de
776 2366 942 2428 Ludovico
963 2367 1082 2427 sentiat
1101 2373 1214 2429 noster
1232 2365 1339 2445 aperit
1352 2365 1389 2426 in

222 2487 260 2532 eo
278 2473 441 2534 Naaceidt's
454 2470 526 2534 loco
543 2472 599 2533 ubi
612 2473 813 2550 praenuntiat
829 2471 985 2534 Aureoli¹
1003 2471 1203 2552 supplicium
1222 2489 1321 2552 quem
1337 2489 1388 2533 ca-

220 2575 299 2655 pitis
313 2576 395 2639 oiim
411 2577 609 2659 ludovicus,
625 2578 750 2640 indicta
764 2596 872 2660 causa,
891 2578 1102 2641 damnaturus
1117 2585 1204 2640 erat:

326 2742 380 2811 VI,
395 2761 422 2799 v.
442 2743 518 2798 290:

433 2879 704 2897 .........
729 2838 821 2903 Quam
836 2839 904 2895 felix
919 2858 988 2912 ergo
1001 2839 1118 2911 fuisses,

431 2935 569 3005 Aureolo,
585 2937 621 2990 ad
636 2954 735 2991 manes
749 2938 805 2993 hoc
819 2938 850 2991 in
864 2939 1021 2993 certamine
1035 2939 1134 3010 lapsus
1152 2939 1158 2992 !
1217 2956 1220 2962 ’
1235 3013 1237 3016 y

431 3033 560 3089 Transeo
576 3034 685 3090 crudeli
698 3040 821 3105 quantas
837 3035 890 3089 sub
904 3034 1033 3106 principe
1048 3041 1153 3090 mortes

431 3129 542 3186 Affe'rat
555 3131 585 3185 in
599 3131 723 3186 medium
737 3149 866 3202 praeceps
882 3133 1036 3201 sententia,
1054 3135 1137 3203 cujus

430 3227 542 3300 Pagina
556 3247 614 3282 non
631 3229 710 3284 aliud
725 3247 830 3300 quam:
853 3250 865 3277 c
880 3229 920 3283 sic
935 3230 1001 3285 volo
1020 3253 1031 3279 ›
1047 3231 1186 3288 continet.
1199 3227 1240 3284 At
1255 3229 1279 3283 si

430 3325 546 3382 Audeat
561 3328 651 3383 iratus
665 3328 728 3399 regi
742 3334 771 3383 et
786 3329 953 3382 clementior
966 3328 1016 3382 illo

433 3423 555 3494 Saepius,
572 3424 620 3478 hic
635 3426 730 3480 dicat:
753 3449 764 3475 ‹
779 3425 863 3489 Quod
878 3443 926 3479 rex
940 3424 994 3495 vis,
1010 3426 1077 3481 nolo
1092 3427 1219 3481 satelles.
1234 3448 1246 3474 »

429 3518 452 3573 0
471 3522 584 3591 quoties
599 3522 693 3593 inquit
707 3524 859 3594 princeps:
881 3545 893 3572 ‹
911 3522 997 3577 Hunc
1012 3521 1140 3592 piscibus
1155 3520 1236 3589 offer,

429 3617 506 3672 Huic
522 3625 620 3688 caput,
636 3619 704 3674 huic
720 3637 804 3675 aures
817 3618 891 3674 ferro
907 3619 1048 3678 rescinde.
1068 3643 1080 3668 »
1105 3616 1237 3688 Jubenti,

429 3713 495 3768 Non
509 3716 671 3784 percussori
686 3717 779 3771 scelus
793 3716 848 3770 hoc
863 3722 895 3771 tu
907 3717 1085 3787 justitiamvc

218 3903 428 3914 —..------

561 4014 733 4066 Ardentemque
742 4017 807 4068 nihil,
819 4019 857 4056 sed
866 4017 921 4057 belli
930 4017 1023 4058 horrore
1031 4017 1145 4056 latentem.

561 4076 591 4116 At
600 4079 661 4117 cives
672 4082 750 4118 centra
759 4078 805 4118 haec
815 4090 820 4118 ε
833 4093 843 4113 α
855 4080 873 4119 0
884 4083 984 4119 vestrum
994 4091 1008 4118 a
1018 4080 1086 4129 vulpe
1096 4088 1204 4128 caponem

559 4139 606 4179 Vos
616 4144 694 4180 nostra
704 4145 800 4191 servate,
811 4141 887 4181 hostes
897 4143 902 4180 l
912 4142 1038 4190 Vulpecula
1047 4141 1144 4191 praedam

562 4203 626 4241 Hanc
634 4205 729 4252 raptura
738 4204 806 4243 venit.
817 4204 899 4252 Fugdat
909 4203 1000 4243 suadete
1010 4202 1097 4252 caponl.

561 4263 605 4310 Qui
616 4265 635 4302 si
645 4275 690 4303 non
699 4265 771 4312 fugiet
779 4265 825 4304 dux
835 4266 968 4313 gallinacius
972 4293 1057 4306 .......

559 4326 604 4366 Res
614 4327 696 4366 falsum
707 4329 810 4367 ostendet
818 4329 948 4377 victumque
958 4340 971 4367 a
980 4329 1049 4378 vulpe
1058 4328 1171 4367 leonem.»

250 4388 270 4439 l.
287 4389 431 4446 Aureolus.
447 4393 596 4444 d’Attt·tole.
612 4423 644 4430 -
658 4395 778 4446 Annotat
791 4396 814 4447 J.
832 4397 947 4446 Besinus
964 4396 1016 4458 (ed.
1035 4396 1103 4458 1518)
1117 4411 1122 4442 :
1140 4412 1150 4440 u
1167 4393 1247 4444 Hunc
1262 4393 1336 4445 enim
1354 4396 1390 4447 de

218 4460 348 4580 «daupu,
364 4464 477 4514 victoria
503 4466 664 4517 redeuntem
690 4467 845 4519 Ludoviaus
869 4468 1036 4518 Francorum
1060 4480 1108 4516 rex
1131 4466 1227 4530 capitis
1249 4465 1390 4530 supplicio

218 4548 227 4574 u
245 4544 305 4594 pec
319 4547 328 4581 1
341 4535 491 4598 imperavit.
509 4554 518 4581 tt

43 4970 245 5136 VX
