3306 5468
831 588 987 652 ..4-

333 732 443 794 Pairis
467 732 604 814 dictum,
630 732 666 792 in
686 731 833 794 Alsatico
852 732 982 809 Vosago
1003 728 1136 793 situm¹.
1158 730 1233 793 Jam
1259 732 1504 797 inveteraverat

327 838 464 927 traditus
481 856 540 917 per
562 855 680 898 manus
696 854 798 918 error,
815 856 890 899 cum
905 838 938 899 J.
954 838 1089 917 Rouyer
1103 835 1384 915 probabilissimis
1399 856 1500 916 argu-

326 944 448 1005 mentis
472 945 686 1004 manilestum
709 944 788 1004 [ecit
811 944 952 1005 Lutetiae
975 943 1081 1004 civem
1105 942 1242 1003 Petrum
1268 943 1385 1004 fuisse.
1417 944 1497 1006 Nou

325 1049 414 1111 euim
432 1048 488 1109 ille
505 1066 539 1109 se
555 1048 794 1124 Lothariugum
810 1049 865 1112 sed
886 1050 1049 1111 Francum
1064 1049 1234 1131 praeditat,
1247 1056 1279 1110 et
1291 1051 1496 1126 germanicae

323 1155 445 1232 linguae
462 1173 596 1233 prorsus
611 1156 762 1232 ignarum
780 1172 786 1217 :

359 1352 466 1419 Nunc„
482 1350 535 1419 VI,
552 1370 580 1409 v·
596 1351 654 1405 418
671 1355 699 1405 et
712 1351 770 1405 419
789 1370 794 1404 :

603 1446 730 1510 Quarum
744 1442 879 1522 (orbium)
893 1453 921 1502 et
934 1448 1099 1519 germanica
1113 1449 1279 1504 Francum²

535 1543 660 1597 Nomina
674 1560 718 1597 me
733 1542 850 1612 fugiunt
854 1587 912 1603 .....
924 1563 931 1613 3

321 1730 379 1790 uhi
396 1729 467 1790 haec
483 1728 653 1789 annotavit
669 1728 816 1789 Joannes
836 1729 979 1790 Basinus
999 1726 1065 1813 (ed.
1084 1727 1182 1811 1518)
1201 1747 1208 1791 :
1229 1753 1243 1782 «
1261 1728 1438 1811 Frauoum,
1455 1730 1494 1791 id

324 1858 338 1887 «
362 1843 412 1894 est
431 1833 472 1893 de
490 1831 628 1894 Francia
647 1839 762 1893 uatum
781 1859 809 1914 ι,
829 1840 860 1894 et
879 1835 915 1894 in
934 1835 1097 1896 Nooceidis
1117 1834 1252 1895 codioez
1280 1859 1295 1889 «
1312 1833 1365 1894 Me
1388 1834 1491 1894 Frau-

323 1965 337 1994 «
356 1958 443 2022 cunr,
462 1939 554 2000 hisce
570 1939 739 2000 vocabulis
755 1939 904 2001 francum
919 1955 1040 2016 genere
1059 1947 1258 2018 protestatur
1271 1947 1366 2001 autor
1382 1935 1489 2022 (puta)

323 2071 337 2100 «
354 2047 411 2126 qui
433 2064 471 2106 ex
490 2046 570 2106 urhe
590 2044 720 2106 Parisia
740 2045 902 2122 originem
922 2045 1134 2126 contraxerit,
1155 2053 1192 2107 ut
1214 2045 1250 2105 iu
1273 2047 1490 2124 sequentihus

321 2176 335 2205 «
355 2152 566 2213 manifestius
581 2150 668 2212 idem
684 2158 776 2212 autor
791 2151 920 2228 aperuit
933 2171 963 2229 »ς
980 2168 1096 2212 rursus
1114 2151 1155 2212 ad
1172 2151 1309 2212 ultimos
1326 2151 1490 2214 Naoceidic

317 2275 433 2318 versus
450 2253 644 2338 (acrostichi)
664 2277 671 2317 :
692 2281 706 2309 α
726 2255 951 2333 Cognomento
957 2303 1023 2318 .....
1040 2257 1168 2336 adjecto
1190 2274 1289 2335 super
1307 2256 1381 2317 haec
1399 2258 1489 2318 urbis

321 2388 335 2415 «
352 2365 547 2424 inclitissimae
570 2343 740 2442 vocabulo,
758 2379 822 2438 qua
844 2381 879 2422 se
901 2363 1043 2441 cujatem
1064 2364 1211 2424 civemve
1235 2370 1300 2424 tam
1325 2363 1492 2424 veraciter

321 2495 336 2524 «
354 2486 452 2547 quam
467 2466 593 2529 occulte
608 2466 833 2547 quaerentibus
848 2460 1049 2545 designaret.
1069 2493 1085 2522 a

362 2575 480 2635 Nonne
507 2573 674 2634 Lutetiam
696 2579 808 2633 noster
830 2572 950 2651 amplis
975 2572 1128 2634 laudibus
1153 2573 1281 2636 extollit
1304 2577 1340 2634 iu
1369 2575 1488 2651 quinto

316 2681 479 2743 Nonceidis
495 2679 595 2758 libro,
612 2696 686 2740 cum
702 2679 749 2740 ita
763 2679 953 2757 loquentem
969 2658 1173 2756 Burgundiae
1198 2680 1315 2742 ducem
1329 2679 1460 2741 inducit
1477 2700 1486 2742 z

394 2872 430 2930 V.
445 2873 502 2927 548
519 2889 562 2942 sq.
585 2911 1012 2929 ......................
1033 2872 1151 2926 Lutetia
1165 2872 1252 2943 prisci

529 2968 659 3024 Nominis
674 2969 742 3023 urbs
756 2969 860 3037 ingens
876 2987 882 3020 ε
900 2985 949 3020 arx
962 2968 1057 3037 gentis
1072 2975 1101 3023 et
1115 2970 1226 3038 inclyta
1240 2970 1372 3024 Fraucae.

445 3067 515 3124 554.
531 3066 569 3120 Et
584 3083 642 3137 qua
657 3063 815 3135 Sequaneis
830 3080 891 3118 sese
904 3063 1037 3119 Matrona
1050 3064 1212 3134 profundus

527 3161 629 3216 Miscet
644 3161 739 3231 aquis,
756 3177 857 3231 campo
872 3164 995 3214 metatus
1010 3168 1105 3214 castra
1120 3161 1242 3231 patenti,

527 3259 668 3313 Patisium
684 3256 794 3325 obsedi,
811 3275 876 3326 quae
891 3261 970 3310 trans
984 3257 1059 3311 hanc
1073 3257 1190 3328 gloria?
1205 3276 1327 3316 murum.

443 3357 511 3410 580.
536 3395 824 3414 ...............
844 3352 952 3407 Urbem
966 3352 1095 3407 dicamus
1109 3371 1147 3406 au
1162 3354 1259 3408 orbem

527 3451 646 3506 Parisiae
662 3451 831 3505 immensum
844 3449 939 3519 gentis
952 3467 1030 3504 mare
1043 3449 1057 3503 i
1064 3490 1173 3507 ......

362 3636 527 3697 Lutetiam
548 3654 678 3716 quoque
699 3634 861 3696 Helicona
885 3635 1022 3722 Sophiae
1039 3632 1083 3719 (v.
1105 3631 1183 3718 576)
1201 3637 1345 3716 appellat
1366 3648 1397 3701 et
1419 3637 1485 3702 huc

317 3750 428 3803 saucta
443 3759 518 3802 cum
534 3740 670 3802 Pallade
685 3740 834 3801 Athenas
851 3740 1020 3802 translatas
1035 3760 1107 3803 esse
1121 3745 1302 3805 contendit.

360 3849 380 3910 J
382 3867 441 3910 ure
459 3848 560 3924 igitur
575 3847 755 3908 asseverari
769 3855 876 3925 potest
892 3846 1028 3908 Lutetiae
1045 3847 1179 3910 Petrum
1190 3858 1220 3910 et
1235 3857 1389 3911 uatumet
1404 3851 1483 3912 edu·

317 3963 427 4016 catum
450 3972 535 4016 esse.
553 3953 611 4015 Est
630 3955 667 4014 iu
686 3952 902 4031 generalitate
918 3953 1101 4015 Parisiensi
1116 3955 1237 4017 fundus
1252 3959 1287 4016 de
1301 3957 1414 4018 Blorrtt
1428 3965 1484 4020 aut
1539 3964 1548 3979 “

314 4149 526 4160 ...------

348 4278 369 4326 1.
387 4276 577 4327 Cisterciensis
598 4274 700 4324 ordinis
717 4274 833 4333 abbatia,
851 4288 883 4323 ex
899 4275 1031 4325 Basilensi
1048 4275 1168 4334 dioecesi,
1184 4281 1300 4340 quatuor
1314 4275 1400 4325 leucis
1415 4288 1430 4324 a
1445 4275 1486 4325 S‘0

297 4390 300 4394 Δ
316 4346 439 4396 Deodato
455 4347 567 4397 distans.
582 4345 614 4394 In
629 4346 749 4409 proximo
764 4346 869 4396 viculus
885 4352 926 4396 est
940 4347 1028 4396 dictus
1045 4365 1050 4395 :
1066 4349 1220 4410 Blattcrupt
1234 4352 1281 4397 aut
1294 4349 1409 4397 Blarrc.

344 4417 367 4465 2.
382 4416 536 4469 Notandum
547 4424 638 4467 tamen
649 4421 690 4466 est
702 4415 801 4466 Gallica
810 4416 901 4480 lingua
911 4431 1019 4482 semper
1029 4430 1093 4467 usos
1104 4431 1163 4467 osse
1174 4419 1276 4468 incolas
1285 4419 1337 4468 vici
1350 4437 1359 4463 x
1373 4419 1460 4468 Pairis
1472 4437 1483 4464 v

315 4485 388 4536 dicti.
405 4487 464 4548 Quo
479 4489 569 4538 minus
583 4487 691 4537 anobis
705 4487 835 4538 fecithoc
854 4493 1053 4552 argumentum.
1069 4486 1123 4537 Sed
1141 4487 1192 4538 alia
1210 4492 1274 4538 suut
1292 4489 1400 4553 majoris
1419 4502 1485 4552 pou·

311 4556 393 4608 deris.
