<?xml version="1.0" encoding="UTF-8"?>
<!DOCTYPE html PUBLIC "-//W3C//DTD XHTML 1.0 Transitional//EN"
    "http://www.w3.org/TR/xhtml1/DTD/xhtml1-transitional.dtd">
<html xmlns="http://www.w3.org/1999/xhtml" xml:lang="en" lang="en">
 <head>
  <title>
</title>
<meta http-equiv="Content-Type" content="text/html;charset=utf-8" />
  <meta name='ocr-system' content='tesseract 3.04.00' />
  <meta name='ocr-capabilities' content='ocr_page ocr_carea ocr_par ocr_line ocrx_word'/>
</head>
<body>
  <div class='ocr_page' id='page_1' title='image "./denanceidepetri00collgoog_0092.png"; bbox 0 0 3306 5468; ppageno 0'>
   <div class='ocr_carea' id='block_1_1' title="bbox 733 577 910 645">
    <p class='ocr_par' dir='ltr' id='par_1_1' title="bbox 733 577 910 645">
     <span class='ocr_line' id='line_1_1' title="bbox 733 577 910 645; baseline -0.006 -17"><span class='ocrx_word' id='word_1_1' title='bbox 733 577 910 645; x_wconf 74' lang='lat' dir='ltr'>.-g5..</span> 
     </span>
    </p>
   </div>
   <div class='ocr_carea' id='block_1_2' title="bbox 218 721 1451 3778">
    <p class='ocr_par' dir='ltr' id='par_1_2' title="bbox 239 721 1451 1002">
     <span class='ocr_line' id='line_1_2' title="bbox 283 721 1411 806; baseline 0.004 -22"><span class='ocrx_word' id='word_1_2' title='bbox 283 723 345 784; x_wconf 88' lang='lat' dir='ltr'>His</span> <span class='ocrx_word' id='word_1_3' title='bbox 360 721 527 804; x_wconf 78' lang='lat' dir='ltr'><strong>perlectis,</strong></span> <span class='ocrx_word' id='word_1_4' title='bbox 544 740 643 786; x_wconf 89' lang='lat' dir='ltr'>nemo</span> <span class='ocrx_word' id='word_1_5' title='bbox 657 725 732 806; x_wconf 82' lang='lat' dir='ltr'>erit,</span> <span class='ocrx_word' id='word_1_6' title='bbox 748 732 782 786; x_wconf 91' lang='lat' dir='ltr'>ut</span> <span class='ocrx_word' id='word_1_7' title='bbox 793 725 944 805; x_wconf 75' lang='lat' dir='ltr'>arbitror,</span> <span class='ocrx_word' id='word_1_8' title='bbox 957 724 1015 803; x_wconf 90' lang='lat' dir='ltr'>qui</span> <span class='ocrx_word' id='word_1_9' title='bbox 1027 731 1123 802; x_wconf 89' lang='lat' dir='ltr'>neget</span> <span class='ocrx_word' id='word_1_10' title='bbox 1135 724 1251 786; x_wconf 82' lang='lat' dir='ltr'>festiva</span> <span class='ocrx_word' id='word_1_11' title='bbox 1261 725 1411 803; x_wconf 71' lang='lat' dir='ltr'>quadarn,</span> 
     </span>
     <span class='ocr_line' id='line_1_3' title="bbox 242 829 1451 912; baseline 0 -22"><span class='ocrx_word' id='word_1_12' title='bbox 242 829 447 906; x_wconf 74' lang='lat' dir='ltr'>ingenuitate</span> <span class='ocrx_word' id='word_1_13' title='bbox 467 831 691 893; x_wconf 85' lang='lat' dir='ltr'>commendari</span> <span class='ocrx_word' id='word_1_14' title='bbox 710 831 795 893; x_wconf 91' lang='lat' dir='ltr'>hanc</span> <span class='ocrx_word' id='word_1_15' title='bbox 814 832 1048 912; x_wconf 76' lang='lat' dir='ltr'>narrationem,</span> <span class='ocrx_word' id='word_1_16' title='bbox 1074 830 1151 893; x_wconf 90' lang='lat' dir='ltr'>licet</span> <span class='ocrx_word' id='word_1_17' title='bbox 1175 830 1339 893; x_wconf 88' lang='lat' dir='ltr'>nonnulla</span> <span class='ocrx_word' id='word_1_18' title='bbox 1359 829 1408 892; x_wconf 91' lang='lat' dir='ltr'>ibi</span> <span class='ocrx_word' id='word_1_19' title='bbox 1449 860 1451 863; x_wconf 33' lang='lat' dir='ltr'>v</span> 
     </span>
     <span class='ocr_line' id='line_1_4' title="bbox 239 936 1413 1002; baseline 0.003 -4"><span class='ocrx_word' id='word_1_20' title='bbox 239 936 437 998; x_wconf 82' lang='lat' dir='ltr'>claudicent.</span> <span class='ocrx_word' id='word_1_21' title='bbox 1412 997 1413 1002; x_wconf 73' lang='grc'>,</span> 
     </span>
    </p>

    <p class='ocr_par' dir='ltr' id='par_1_3' title="bbox 240 1041 1411 1443">
     <span class='ocr_line' id='line_1_5' title="bbox 284 1041 1408 1123; baseline 0.001 -20"><span class='ocrx_word' id='word_1_22' title='bbox 284 1041 458 1123; x_wconf 77' lang='lat' dir='ltr'>EJusmodi</span> <span class='ocrx_word' id='word_1_23' title='bbox 475 1045 676 1105; x_wconf 83' lang='lat' dir='ltr'>ornamentis</span> <span class='ocrx_word' id='word_1_24' title='bbox 698 1061 780 1122; x_wconf 89' lang='lat' dir='ltr'>opus</span> <span class='ocrx_word' id='word_1_25' title='bbox 800 1063 897 1106; x_wconf 90' lang='lat' dir='ltr'>suum</span> <span class='ocrx_word' id='word_1_26' title='bbox 917 1046 1045 1111; x_wconf 85' lang='lat' dir='ltr'>variare</span> <span class='ocrx_word' id='word_1_27' title='bbox 1068 1054 1099 1106; x_wconf 90' lang='lat' dir='ltr'>et</span> <span class='ocrx_word' id='word_1_28' title='bbox 1120 1045 1275 1109; x_wconf 86' lang='lat' dir='ltr'>decorare</span> <span class='ocrx_word' id='word_1_29' title='bbox 1290 1044 1408 1109; x_wconf 88' lang='lat' dir='ltr'>Petrus</span> 
     </span>
     <span class='ocr_line' id='line_1_6' title="bbox 241 1149 1409 1231; baseline 0.001 -21"><span class='ocrx_word' id='word_1_30' title='bbox 241 1149 354 1211; x_wconf 88' lang='lat' dir='ltr'>enisus</span> <span class='ocrx_word' id='word_1_31' title='bbox 369 1157 429 1231; x_wconf 85' lang='lat' dir='ltr'>est,</span> <span class='ocrx_word' id='word_1_32' title='bbox 445 1167 488 1211; x_wconf 88' lang='lat' dir='ltr'>ne</span> <span class='ocrx_word' id='word_1_33' title='bbox 505 1151 605 1212; x_wconf 89' lang='lat' dir='ltr'>nimis</span> <span class='ocrx_word' id='word_1_34' title='bbox 620 1151 709 1212; x_wconf 91' lang='lat' dir='ltr'>nuda</span> <span class='ocrx_word' id='word_1_35' title='bbox 723 1159 754 1212; x_wconf 87' lang='lat' dir='ltr'>et</span> <span class='ocrx_word' id='word_1_36' title='bbox 771 1153 910 1229; x_wconf 88' lang='lat' dir='ltr'>strigosa</span> <span class='ocrx_word' id='word_1_37' title='bbox 929 1169 1040 1213; x_wconf 89' lang='lat' dir='ltr'>rerum</span> <span class='ocrx_word' id='word_1_38' title='bbox 1059 1161 1225 1227; x_wconf 86' lang='lat' dir='ltr'>gestarum</span> <span class='ocrx_word' id='word_1_39' title='bbox 1248 1151 1409 1228; x_wconf 82' lang='lat' dir='ltr'>expositio</span> 
     </span>
     <span class='ocr_line' id='line_1_7' title="bbox 240 1255 1410 1337; baseline 0 -21"><span class='ocrx_word' id='word_1_40' title='bbox 240 1255 280 1317; x_wconf 91' lang='lat' dir='ltr'>ad</span> <span class='ocrx_word' id='word_1_41' title='bbox 297 1255 429 1317; x_wconf 87' lang='lat' dir='ltr'>exiliter</span> <span class='ocrx_word' id='word_1_42' title='bbox 443 1256 582 1333; x_wconf 89' lang='lat' dir='ltr'>scriptos</span> <span class='ocrx_word' id='word_1_43' title='bbox 601 1255 749 1318; x_wconf 85' lang='lat' dir='ltr'>Annales</span> <span class='ocrx_word' id='word_1_44' title='bbox 768 1258 903 1336; x_wconf 86' lang='lat' dir='ltr'>propius</span> <span class='ocrx_word' id='word_1_45' title='bbox 922 1259 1091 1320; x_wconf 89' lang='lat' dir='ltr'>videretur</span> <span class='ocrx_word' id='word_1_46' title='bbox 1109 1257 1263 1336; x_wconf 81' lang='lat' dir='ltr'>quemad</span> <span class='ocrx_word' id='word_1_47' title='bbox 1280 1258 1410 1337; x_wconf 89' lang='lat' dir='ltr'>epicum</span> 
     </span>
     <span class='ocr_line' id='line_1_8' title="bbox 240 1343 1411 1443; baseline 0.003 -22"><span class='ocrx_word' id='word_1_48' title='bbox 240 1379 372 1422; x_wconf 90' lang='lat' dir='ltr'>carmen</span> <span class='ocrx_word' id='word_1_49' title='bbox 396 1362 563 1422; x_wconf 85' lang='lat' dir='ltr'>accedere.</span> <span class='ocrx_word' id='word_1_50' title='bbox 591 1360 657 1422; x_wconf 85' lang='lat' dir='ltr'>Sed</span> <span class='ocrx_word' id='word_1_51' title='bbox 681 1380 754 1424; x_wconf 89' lang='lat' dir='ltr'>cum</span> <span class='ocrx_word' id='word_1_52' title='bbox 779 1363 841 1424; x_wconf 93' lang='lat' dir='ltr'>hoc</span> <span class='ocrx_word' id='word_1_53' title='bbox 866 1365 903 1426; x_wconf 90' lang='lat' dir='ltr'>in</span> <span class='ocrx_word' id='word_1_54' title='bbox 928 1364 1044 1443; x_wconf 88' lang='lat' dir='ltr'>primis</span> <span class='ocrx_word' id='word_1_55' title='bbox 1069 1365 1157 1425; x_wconf 89' lang='lat' dir='ltr'>inter</span> <span class='ocrx_word' id='word_1_56' title='bbox 1179 1343 1354 1425; x_wconf 87' lang='lat' dir='ltr'>historiam</span> <span class='ocrx_word' id='word_1_57' title='bbox 1379 1372 1411 1424; x_wconf 91' lang='lat' dir='ltr'>et</span> 
     </span>
    </p>

    <p class='ocr_par' dir='ltr' id='par_1_4' title="bbox 218 1452 1419 3034">
     <span class='ocr_line' id='line_1_9' title="bbox 218 1452 1411 1549; baseline 0 -21"><span class='ocrx_word' id='word_1_58' title='bbox 218 1476 320 1546; x_wconf 74' lang='lat' dir='ltr'>‘epos</span> <span class='ocrx_word' id='word_1_59' title='bbox 344 1468 475 1528; x_wconf 89' lang='lat' dir='ltr'>intersit</span> <span class='ocrx_word' id='word_1_60' title='bbox 500 1467 588 1546; x_wconf 87' lang='lat' dir='ltr'>quod</span> <span class='ocrx_word' id='word_1_61' title='bbox 612 1468 645 1527; x_wconf 94' lang='lat' dir='ltr'>in</span> <span class='ocrx_word' id='word_1_62' title='bbox 668 1466 801 1530; x_wconf 92' lang='lat' dir='ltr'>heroico</span> <span class='ocrx_word' id='word_1_63' title='bbox 828 1470 973 1530; x_wconf 92' lang='lat' dir='ltr'>carmine</span> <span class='ocrx_word' id='word_1_64' title='bbox 997 1469 1110 1530; x_wconf 89' lang='lat' dir='ltr'>divina</span> <span class='ocrx_word' id='word_1_65' title='bbox 1129 1468 1297 1549; x_wconf 89' lang='lat' dir='ltr'>humanis,</span> <span class='ocrx_word' id='word_1_66' title='bbox 1325 1452 1411 1529; x_wconf 75' lang='lat' dir='ltr'>reris</span> 
     </span>
     <span class='ocr_line' id='line_1_10' title="bbox 242 1558 1413 1655; baseline 0 -21"><span class='ocrx_word' id='word_1_67' title='bbox 242 1573 392 1635; x_wconf 89' lang='lat' dir='ltr'>fabulosa</span> <span class='ocrx_word' id='word_1_68' title='bbox 410 1575 642 1653; x_wconf 81' lang='lat' dir='ltr'>remiscentur,</span> <span class='ocrx_word' id='word_1_69' title='bbox 662 1583 762 1635; x_wconf 89' lang='lat' dir='ltr'>restat</span> <span class='ocrx_word' id='word_1_70' title='bbox 789 1582 821 1636; x_wconf 91' lang='lat' dir='ltr'>ut</span> <span class='ocrx_word' id='word_1_71' title='bbox 846 1576 1064 1654; x_wconf 76' lang='lat' dir='ltr'>inspiciamus</span> <span class='ocrx_word' id='word_1_72' title='bbox 1088 1558 1252 1655; x_wconf 85' lang='lat' dir='ltr'>quomodo</span> <span class='ocrx_word' id='word_1_73' title='bbox 1276 1572 1413 1637; x_wconf 89' lang='lat' dir='ltr'>deorum</span> 
     </span>
     <span class='ocr_line' id='line_1_11' title="bbox 243 1680 1413 1745; baseline 0 -5"><span class='ocrx_word' id='word_1_74' title='bbox 243 1680 430 1743; x_wconf 83' lang='lat' dir='ltr'>ministeria</span> <span class='ocrx_word' id='word_1_75' title='bbox 450 1682 599 1742; x_wconf 83' lang='lat' dir='ltr'>Nonceidt&#39;</span> <span class='ocrx_word' id='word_1_76' title='bbox 619 1697 687 1742; x_wconf 85' lang='lat' dir='ltr'>suae</span> <span class='ocrx_word' id='word_1_77' title='bbox 708 1681 824 1742; x_wconf 90' lang='lat' dir='ltr'>Petrus</span> <span class='ocrx_word' id='word_1_78' title='bbox 847 1682 886 1742; x_wconf 93' lang='lat' dir='ltr'>de</span> <span class='ocrx_word' id='word_1_79' title='bbox 908 1680 1008 1744; x_wconf 90' lang='lat' dir='ltr'>Blaro</span> <span class='ocrx_word' id='word_1_80' title='bbox 1024 1683 1108 1742; x_wconf 87' lang='lat' dir='ltr'>Rivo</span> <span class='ocrx_word' id='word_1_81' title='bbox 1123 1682 1323 1745; x_wconf 88' lang='lat' dir='ltr'>adhibuerit.</span> <span class='ocrx_word' id='word_1_82' title='bbox 1345 1682 1413 1742; x_wconf 90' lang='lat' dir='ltr'>Res</span> 
     </span>
     <span class='ocr_line' id='line_1_12' title="bbox 245 1776 1414 1868; baseline -0.001 -19"><span class='ocrx_word' id='word_1_83' title='bbox 245 1788 276 1850; x_wconf 90' lang='lat' dir='ltr'>ei</span> <span class='ocrx_word' id='word_1_84' title='bbox 291 1805 369 1849; x_wconf 90' lang='lat' dir='ltr'>sane</span> <span class='ocrx_word' id='word_1_85' title='bbox 385 1776 422 1848; x_wconf 86' lang='lat' dir='ltr'>in</span> <span class='ocrx_word' id='word_1_86' title='bbox 432 1802 586 1863; x_wconf 85' lang='lat' dir='ltr'>magnam</span> <span class='ocrx_word' id='word_1_87' title='bbox 598 1787 787 1849; x_wconf 87' lang='lat' dir='ltr'>incurrebat</span> <span class='ocrx_word' id='word_1_88' title='bbox 797 1786 1037 1868; x_wconf 84' lang='lat' dir='ltr'>difficultatem,</span> <span class='ocrx_word' id='word_1_89' title='bbox 1052 1795 1283 1850; x_wconf 89' lang='lat' dir='ltr'>cumrecentes</span> <span class='ocrx_word' id='word_1_90' title='bbox 1294 1805 1414 1866; x_wconf 85' lang='lat' dir='ltr'>pugnae</span> 
     </span>
     <span class='ocr_line' id='line_1_13' title="bbox 245 1894 1414 1973; baseline -0.001 -17"><span class='ocrx_word' id='word_1_91' title='bbox 245 1895 399 1957; x_wconf 73' lang='lat' dir='ltr'>cauendae</span> <span class='ocrx_word' id='word_1_92' title='bbox 416 1900 538 1970; x_wconf 86' lang='lat' dir='ltr'>essent,</span> <span class='ocrx_word' id='word_1_93' title='bbox 555 1895 676 1972; x_wconf 91' lang='lat' dir='ltr'>quibus</span> <span class='ocrx_word' id='word_1_94' title='bbox 693 1894 719 1955; x_wconf 90' lang='lat' dir='ltr'>ii</span> <span class='ocrx_word' id='word_1_95' title='bbox 733 1894 799 1973; x_wconf 89' lang='lat' dir='ltr'>ipsi</span> <span class='ocrx_word' id='word_1_96' title='bbox 816 1894 1033 1955; x_wconf 81' lang='lat' dir='ltr'>interfuerant</span> <span class='ocrx_word' id='word_1_97' title='bbox 1048 1895 1105 1972; x_wconf 89' lang='lat' dir='ltr'>qui</span> <span class='ocrx_word' id='word_1_98' title='bbox 1120 1895 1304 1955; x_wconf 83' lang='lat' dir='ltr'>Naoceidem</span> <span class='ocrx_word' id='word_1_99' title='bbox 1321 1903 1414 1956; x_wconf 89' lang='lat' dir='ltr'>eraut</span> 
     </span>
     <span class='ocr_line' id='line_1_14' title="bbox 243 1997 1414 2076; baseline -0.002 -16"><span class='ocrx_word' id='word_1_100' title='bbox 243 1999 374 2060; x_wconf 89' lang='lat' dir='ltr'>lecturi.</span> <span class='ocrx_word' id='word_1_101' title='bbox 398 1997 513 2076; x_wconf 84' lang='lat' dir='ltr'>ltaque</span> <span class='ocrx_word' id='word_1_102' title='bbox 528 1998 712 2060; x_wconf 88' lang='lat' dir='ltr'>verisimile</span> <span class='ocrx_word' id='word_1_103' title='bbox 733 2008 780 2060; x_wconf 90' lang='lat' dir='ltr'>est</span> <span class='ocrx_word' id='word_1_104' title='bbox 795 2007 946 2060; x_wconf 87' lang='lat' dir='ltr'>nostrum</span> <span class='ocrx_word' id='word_1_105' title='bbox 966 1998 1168 2060; x_wconf 87' lang='lat' dir='ltr'>dubitavisse</span> <span class='ocrx_word' id='word_1_106' title='bbox 1183 2007 1295 2060; x_wconf 89' lang='lat' dir='ltr'>utrum</span> <span class='ocrx_word' id='word_1_107' title='bbox 1315 2000 1414 2059; x_wconf 91' lang='lat' dir='ltr'>mira-</span> 
     </span>
     <span class='ocr_line' id='line_1_15' title="bbox 243 2104 1419 2184; baseline -0.003 -17"><span class='ocrx_word' id='word_1_108' title='bbox 243 2104 317 2167; x_wconf 90' lang='lat' dir='ltr'>cula</span> <span class='ocrx_word' id='word_1_109' title='bbox 333 2106 473 2183; x_wconf 84' lang='lat' dir='ltr'>fictaque</span> <span class='ocrx_word' id='word_1_110' title='bbox 490 2104 633 2184; x_wconf 86' lang='lat' dir='ltr'>poemati</span> <span class='ocrx_word' id='word_1_111' title='bbox 649 2122 708 2166; x_wconf 93' lang='lat' dir='ltr'>suo</span> <span class='ocrx_word' id='word_1_112' title='bbox 724 2105 899 2184; x_wconf 89' lang='lat' dir='ltr'>insereret,</span> <span class='ocrx_word' id='word_1_113' title='bbox 917 2121 958 2164; x_wconf 91' lang='lat' dir='ltr'>an</span> <span class='ocrx_word' id='word_1_114' title='bbox 973 2123 1084 2165; x_wconf 89' lang='lat' dir='ltr'>rerum</span> <span class='ocrx_word' id='word_1_115' title='bbox 1101 2104 1271 2183; x_wconf 89' lang='lat' dir='ltr'>scriptoris</span> <span class='ocrx_word' id='word_1_116' title='bbox 1286 2112 1419 2165; x_wconf 85' lang='lat' dir='ltr'>tantum.</span> 
     </span>
     <span class='ocr_line' id='line_1_16' title="bbox 244 2209 1417 2291; baseline 0 -20"><span class='ocrx_word' id='word_1_117' title='bbox 244 2229 382 2272; x_wconf 88' lang='lat' dir='ltr'>munere</span> <span class='ocrx_word' id='word_1_118' title='bbox 410 2211 616 2286; x_wconf 88' lang='lat' dir='ltr'>fungeretur.</span> <span class='ocrx_word' id='word_1_119' title='bbox 642 2211 687 2272; x_wconf 92' lang='lat' dir='ltr'>·Iu</span> <span class='ocrx_word' id='word_1_120' title='bbox 715 2211 778 2273; x_wconf 92' lang='lat' dir='ltr'>hoc</span> <span class='ocrx_word' id='word_1_121' title='bbox 807 2227 939 2291; x_wconf 87' lang='lat' dir='ltr'>quoque</span> <span class='ocrx_word' id='word_1_122' title='bbox 970 2228 1046 2270; x_wconf 90' lang='lat' dir='ltr'>eum</span> <span class='ocrx_word' id='word_1_123' title='bbox 1076 2209 1214 2271; x_wconf 88' lang='lat' dir='ltr'>haesisse</span> <span class='ocrx_word' id='word_1_124' title='bbox 1242 2229 1417 2290; x_wconf 87' lang='lat' dir='ltr'>parumper</span> 
     </span>
     <span class='ocr_line' id='line_1_17' title="bbox 244 2318 1416 2382; baseline -0.004 0"><span class='ocrx_word' id='word_1_125' title='bbox 244 2321 374 2382; x_wconf 89' lang='lat' dir='ltr'>credam</span> <span class='ocrx_word' id='word_1_126' title='bbox 390 2327 501 2379; x_wconf 88' lang='lat' dir='ltr'>utrum</span> <span class='ocrx_word' id='word_1_127' title='bbox 520 2319 562 2378; x_wconf 92' lang='lat' dir='ltr'>ad</span> <span class='ocrx_word' id='word_1_128' title='bbox 577 2318 802 2380; x_wconf 84' lang='lat' dir='ltr'>Christianam</span> <span class='ocrx_word' id='word_1_129' title='bbox 823 2319 922 2380; x_wconf 87' lang='lat' dir='ltr'>fidem</span> <span class='ocrx_word' id='word_1_130' title='bbox 942 2319 1056 2380; x_wconf 89' lang='lat' dir='ltr'>diviua</span> <span class='ocrx_word' id='word_1_131' title='bbox 1078 2318 1264 2378; x_wconf 88' lang='lat' dir='ltr'>ministeria</span> <span class='ocrx_word' id='word_1_132' title='bbox 1288 2325 1416 2379; x_wconf 90' lang='lat' dir='ltr'>tantum</span> 
     </span>
     <span class='ocr_line' id='line_1_18' title="bbox 245 2423 1416 2505; baseline -0.003 -17"><span class='ocrx_word' id='word_1_133' title='bbox 245 2432 471 2505; x_wconf 84' lang='lat' dir='ltr'>componeret,</span> <span class='ocrx_word' id='word_1_134' title='bbox 495 2443 537 2486; x_wconf 91' lang='lat' dir='ltr'>au</span> <span class='ocrx_word' id='word_1_135' title='bbox 559 2425 600 2486; x_wconf 92' lang='lat' dir='ltr'>ad</span> <span class='ocrx_word' id='word_1_136' title='bbox 620 2443 674 2486; x_wconf 91' lang='lat' dir='ltr'>eas</span> <span class='ocrx_word' id='word_1_137' title='bbox 696 2425 824 2487; x_wconf 84' lang='lat' dir='ltr'>tabulas</span> <span class='ocrx_word' id='word_1_138' title='bbox 847 2427 1039 2502; x_wconf 80' lang='lat' dir='ltr'>confugeret</span> <span class='ocrx_word' id='word_1_139' title='bbox 1059 2442 1140 2504; x_wconf 90' lang='lat' dir='ltr'>quas</span> <span class='ocrx_word' id='word_1_140' title='bbox 1162 2423 1416 2485; x_wconf 79' lang='lat' dir='ltr'>G1·aecaRoma-</span> 
     </span>
     <span class='ocr_line' id='line_1_19' title="bbox 244 2529 1417 2610; baseline -0.002 -20"><span class='ocrx_word' id='word_1_141' title='bbox 244 2547 352 2609; x_wconf 87' lang='lat' dir='ltr'>naque</span> <span class='ocrx_word' id='word_1_142' title='bbox 373 2540 558 2593; x_wconf 89' lang='lat' dir='ltr'>commenta</span> <span class='ocrx_word' id='word_1_143' title='bbox 578 2540 627 2592; x_wconf 91' lang='lat' dir='ltr'>est</span> <span class='ocrx_word' id='word_1_144' title='bbox 645 2539 800 2593; x_wconf 84' lang='lat' dir='ltr'>vetustas.</span> <span class='ocrx_word' id='word_1_145' title='bbox 823 2531 894 2592; x_wconf 90' lang='lat' dir='ltr'>Hoc</span> <span class='ocrx_word' id='word_1_146' title='bbox 909 2531 1052 2610; x_wconf 91' lang='lat' dir='ltr'>denique</span> <span class='ocrx_word' id='word_1_147' title='bbox 1071 2531 1182 2591; x_wconf 91' lang='lat' dir='ltr'>animo</span> <span class='ocrx_word' id='word_1_148' title='bbox 1206 2529 1417 2590; x_wconf 89' lang='lat' dir='ltr'>constituisse</span> 
     </span>
     <span class='ocr_line' id='line_1_20' title="bbox 246 2631 1417 2716; baseline -0.002 -22"><span class='ocrx_word' id='word_1_149' title='bbox 246 2634 363 2696; x_wconf 90' lang='lat' dir='ltr'>Petrus</span> <span class='ocrx_word' id='word_1_150' title='bbox 387 2635 520 2696; x_wconf 88' lang='lat' dir='ltr'>videtur</span> <span class='ocrx_word' id='word_1_151' title='bbox 538 2644 586 2716; x_wconf 80' lang='lat' dir='ltr'>ut,</span> <span class='ocrx_word' id='word_1_152' title='bbox 606 2651 664 2712; x_wconf 93' lang='lat' dir='ltr'>pro</span> <span class='ocrx_word' id='word_1_153' title='bbox 690 2634 777 2712; x_wconf 84' lang='lat' dir='ltr'>epici</span> <span class='ocrx_word' id='word_1_154' title='bbox 798 2635 958 2713; x_wconf 87' lang='lat' dir='ltr'>poematis</span> <span class='ocrx_word' id='word_1_155' title='bbox 982 2634 1189 2714; x_wconf 73' lang='lat' dir='ltr'>condicione,</span> <span class='ocrx_word' id='word_1_156' title='bbox 1210 2632 1281 2693; x_wconf 84' lang='lat' dir='ltr'>deis</span> <span class='ocrx_word' id='word_1_157' title='bbox 1305 2631 1417 2693; x_wconf 90' lang='lat' dir='ltr'>locum</span> 
     </span>
     <span class='ocr_line' id='line_1_21' title="bbox 246 2739 1417 2821; baseline -0.003 -18"><span class='ocrx_word' id='word_1_158' title='bbox 246 2743 282 2803; x_wconf 91' lang='lat' dir='ltr'>in</span> <span class='ocrx_word' id='word_1_159' title='bbox 307 2743 458 2804; x_wconf 83' lang='lat' dir='ltr'>Noocez&#39;de</span> <span class='ocrx_word' id='word_1_160' title='bbox 480 2760 540 2802; x_wconf 92' lang='lat' dir='ltr'>sua</span> <span class='ocrx_word' id='word_1_161' title='bbox 561 2742 663 2821; x_wconf 80' lang='lat' dir='ltr'>daret,</span> <span class='ocrx_word' id='word_1_162' title='bbox 680 2743 739 2802; x_wconf 91' lang='lat' dir='ltr'>sed</span> <span class='ocrx_word' id='word_1_163' title='bbox 754 2742 884 2820; x_wconf 88' lang='lat' dir='ltr'>parcius</span> <span class='ocrx_word' id='word_1_164' title='bbox 904 2748 1015 2802; x_wconf 88' lang='lat' dir='ltr'>tamen</span> <span class='ocrx_word' id='word_1_165' title='bbox 1029 2739 1194 2821; x_wconf 85' lang='lat' dir='ltr'>ejusmodi</span> <span class='ocrx_word' id='word_1_166' title='bbox 1216 2740 1417 2802; x_wconf 88' lang='lat' dir='ltr'>ornamentis</span> 
     </span>
     <span class='ocr_line' id='line_1_22' title="bbox 248 2848 1418 2929; baseline -0.003 -19"><span class='ocrx_word' id='word_1_167' title='bbox 248 2857 405 2929; x_wconf 84' lang='lat' dir='ltr'>uteretur,</span> <span class='ocrx_word' id='word_1_168' title='bbox 421 2865 493 2927; x_wconf 84' lang='lat' dir='ltr'>quae</span> <span class='ocrx_word' id='word_1_169' title='bbox 515 2867 590 2910; x_wconf 94' lang='lat' dir='ltr'>cum</span> <span class='ocrx_word' id='word_1_170' title='bbox 610 2867 647 2910; x_wconf 86' lang='lat' dir='ltr'>ex</span> <span class='ocrx_word' id='word_1_171' title='bbox 672 2849 863 2912; x_wconf 89' lang='lat' dir='ltr'>Christiana</span> <span class='ocrx_word' id='word_1_172' title='bbox 881 2848 1045 2924; x_wconf 84' lang='lat' dir='ltr'>religione</span> <span class='ocrx_word' id='word_1_173' title='bbox 1063 2857 1130 2911; x_wconf 90' lang='lat' dir='ltr'>tum</span> <span class='ocrx_word' id='word_1_174' title='bbox 1152 2866 1190 2909; x_wconf 84' lang='lat' dir='ltr'>ex</span> <span class='ocrx_word' id='word_1_175' title='bbox 1207 2848 1418 2926; x_wconf 83' lang='lat' dir='ltr'>antiquorum</span> 
     </span>
     <span class='ocr_line' id='line_1_23' title="bbox 246 2955 1031 3034; baseline -0.001 -19"><span class='ocrx_word' id='word_1_176' title='bbox 246 2962 360 3017; x_wconf 88' lang='lat' dir='ltr'>vatum</span> <span class='ocrx_word' id='word_1_177' title='bbox 374 2955 514 3034; x_wconf 89' lang='lat' dir='ltr'>poeticis</span> <span class='ocrx_word' id='word_1_178' title='bbox 529 2957 713 3019; x_wconf 87' lang='lat' dir='ltr'>mendaciis</span> <span class='ocrx_word' id='word_1_179' title='bbox 728 2957 845 3018; x_wconf 91' lang='lat' dir='ltr'>hausta</span> <span class='ocrx_word' id='word_1_180' title='bbox 859 2956 1031 3034; x_wconf 84' lang='lat' dir='ltr'>proferret.</span> 
     </span>
    </p>

    <p class='ocr_par' dir='ltr' id='par_1_5' title="bbox 249 3059 1420 3778">
     <span class='ocr_line' id='line_1_24' title="bbox 292 3059 1418 3142; baseline -0.003 -21"><span class='ocrx_word' id='word_1_181' title='bbox 292 3062 414 3123; x_wconf 82' lang='lat' dir='ltr'>Primae</span> <span class='ocrx_word' id='word_1_182' title='bbox 430 3080 519 3142; x_wconf 89' lang='lat' dir='ltr'>vero,</span> <span class='ocrx_word' id='word_1_183' title='bbox 537 3063 627 3141; x_wconf 87' lang='lat' dir='ltr'>qnod</span> <span class='ocrx_word' id='word_1_184' title='bbox 647 3064 755 3124; x_wconf 90' lang='lat' dir='ltr'>facere</span> <span class='ocrx_word' id='word_1_185' title='bbox 776 3063 1004 3142; x_wconf 71' lang='lat' dir='ltr'>presbyterum</span> <span class='ocrx_word' id='word_1_186' title='bbox 1025 3062 1173 3140; x_wconf 80' lang='lat' dir='ltr'>decebat,</span> <span class='ocrx_word' id='word_1_187' title='bbox 1190 3069 1298 3138; x_wconf 89' lang='lat' dir='ltr'>partes</span> <span class='ocrx_word' id='word_1_188' title='bbox 1313 3060 1350 3119; x_wconf 91' lang='lat' dir='ltr'>in</span> <span class='ocrx_word' id='word_1_189' title='bbox 1363 3059 1418 3119; x_wconf 85' lang='lat' dir='ltr'>his</span> 
     </span>
     <span class='ocr_line' id='line_1_25' title="bbox 251 3164 1419 3250; baseline -0.003 -21"><span class='ocrx_word' id='word_1_190' title='bbox 251 3170 377 3230; x_wconf 90' lang='lat' dir='ltr'>eventis</span> <span class='ocrx_word' id='word_1_191' title='bbox 394 3167 664 3232; x_wconf 89' lang='lat' dir='ltr'>Christianorum</span> <span class='ocrx_word' id='word_1_192' title='bbox 686 3170 757 3231; x_wconf 90' lang='lat' dir='ltr'>Deo</span> <span class='ocrx_word' id='word_1_193' title='bbox 783 3170 985 3250; x_wconf 89' lang='lat' dir='ltr'>tribuuntur,</span> <span class='ocrx_word' id='word_1_194' title='bbox 1004 3169 1062 3228; x_wconf 86' lang='lat' dir='ltr'>sed</span> <span class='ocrx_word' id='word_1_195' title='bbox 1086 3170 1133 3228; x_wconf 89' lang='lat' dir='ltr'>ita</span> <span class='ocrx_word' id='word_1_196' title='bbox 1157 3176 1267 3228; x_wconf 89' lang='lat' dir='ltr'>tamen</span> <span class='ocrx_word' id='word_1_197' title='bbox 1281 3173 1316 3227; x_wconf 89' lang='lat' dir='ltr'>ut</span> <span class='ocrx_word' id='word_1_198' title='bbox 1330 3164 1419 3226; x_wconf 90' lang='lat' dir='ltr'>haud</span> 
     </span>
     <span class='ocr_line' id='line_1_26' title="bbox 250 3272 1418 3356; baseline -0.002 -22"><span class='ocrx_word' id='word_1_199' title='bbox 250 3275 371 3354; x_wconf 82' lang='lat' dir='ltr'>saepius</span> <span class='ocrx_word' id='word_1_200' title='bbox 391 3283 424 3337; x_wconf 89' lang='lat' dir='ltr'>et</span> <span class='ocrx_word' id='word_1_201' title='bbox 443 3278 539 3354; x_wconf 89' lang='lat' dir='ltr'>quasi</span> <span class='ocrx_word' id='word_1_202' title='bbox 564 3293 581 3336; x_wconf 90' lang='lat' dir='ltr'>e</span> <span class='ocrx_word' id='word_1_203' title='bbox 606 3276 802 3356; x_wconf 85' lang='lat' dir='ltr'>longinquo,</span> <span class='ocrx_word' id='word_1_204' title='bbox 820 3274 903 3336; x_wconf 92' lang='lat' dir='ltr'>velis</span> <span class='ocrx_word' id='word_1_205' title='bbox 928 3274 1127 3354; x_wconf 89' lang='lat' dir='ltr'>quibusdam</span> <span class='ocrx_word' id='word_1_206' title='bbox 1150 3272 1306 3350; x_wconf 81' lang='lat' dir='ltr'>obtentis,</span> <span class='ocrx_word' id='word_1_207' title='bbox 1323 3289 1418 3349; x_wconf 89' lang='lat' dir='ltr'>appa-</span> 
     </span>
     <span class='ocr_line' id='line_1_27' title="bbox 249 3379 1420 3461; baseline -0.003 -20"><span class='ocrx_word' id='word_1_208' title='bbox 249 3389 329 3443; x_wconf 82' lang='lat' dir='ltr'>reat.</span> <span class='ocrx_word' id='word_1_209' title='bbox 348 3381 414 3455; x_wconf 88' lang='lat' dir='ltr'>Qui</span> <span class='ocrx_word' id='word_1_210' title='bbox 428 3381 624 3461; x_wconf 88' lang='lat' dir='ltr'>plerumque</span> <span class='ocrx_word' id='word_1_211' title='bbox 645 3400 711 3444; x_wconf 91' lang='lat' dir='ltr'>nou</span> <span class='ocrx_word' id='word_1_212' title='bbox 736 3382 882 3444; x_wconf 88' lang='lat' dir='ltr'>definitis</span> <span class='ocrx_word' id='word_1_213' title='bbox 906 3389 962 3442; x_wconf 89' lang='lat' dir='ltr'>aut</span> <span class='ocrx_word' id='word_1_214' title='bbox 986 3380 1083 3441; x_wconf 88' lang='lat' dir='ltr'>certis</span> <span class='ocrx_word' id='word_1_215' title='bbox 1103 3380 1212 3441; x_wconf 90' lang='lat' dir='ltr'>verbis</span> <span class='ocrx_word' id='word_1_216' title='bbox 1229 3379 1420 3456; x_wconf 89' lang='lat' dir='ltr'>designatur</span> 
     </span>
     <span class='ocr_line' id='line_1_28' title="bbox 249 3483 1419 3569; baseline -0.005 -20"><span class='ocrx_word' id='word_1_217' title='bbox 249 3483 414 3567; x_wconf 72' lang='lat' dir='ltr'>(numina,</span> <span class='ocrx_word' id='word_1_218' title='bbox 435 3489 465 3567; x_wconf 78' lang='grc' dir='ltr'>Ι,</span> <span class='ocrx_word' id='word_1_219' title='bbox 483 3486 569 3569; x_wconf 74' lang='lat'>5913</span> <span class='ocrx_word' id='word_1_220' title='bbox 587 3489 718 3568; x_wconf 71' lang='lat' dir='ltr'>caelum,</span> <span class='ocrx_word' id='word_1_221' title='bbox 738 3488 766 3568; x_wconf 91' lang='lat' dir='ltr'>I,</span> <span class='ocrx_word' id='word_1_222' title='bbox 789 3484 874 3568; x_wconf 75' lang='lat'>5953</span> <span class='ocrx_word' id='word_1_223' title='bbox 899 3487 946 3567; x_wconf 88' lang='lat' dir='ltr'>II,</span> <span class='ocrx_word' id='word_1_224' title='bbox 968 3484 1044 3567; x_wconf 79' lang='lat'><strong>297,</strong></span> <span class='ocrx_word' id='word_1_225' title='bbox 1063 3483 1155 3568; x_wconf 82' lang='lat' dir='ltr'>etc),</span> <span class='ocrx_word' id='word_1_226' title='bbox 1173 3487 1232 3547; x_wconf 90' lang='lat' dir='ltr'>sed</span> <span class='ocrx_word' id='word_1_227' title='bbox 1251 3485 1419 3546; x_wconf 91' lang='lat' dir='ltr'>interdum</span> 
     </span>
     <span class='ocr_line' id='line_1_29' title="bbox 250 3591 1418 3675; baseline -0.004 -21"><span class='ocrx_word' id='word_1_228' title='bbox 250 3592 372 3656; x_wconf 83' lang='lat' dir='ltr'>clarius</span> <span class='ocrx_word' id='word_1_229' title='bbox 389 3612 424 3655; x_wconf 86' lang='lat' dir='ltr'>se</span> <span class='ocrx_word' id='word_1_230' title='bbox 440 3595 576 3675; x_wconf 80' lang='lat' dir='ltr'>indicat,</span> <span class='ocrx_word' id='word_1_231' title='bbox 594 3612 670 3656; x_wconf 88' lang='lat' dir='ltr'>cum</span> <span class='ocrx_word' id='word_1_232' title='bbox 686 3596 795 3674; x_wconf 88' lang='lat' dir='ltr'>ipsum</span> <span class='ocrx_word' id='word_1_233' title='bbox 814 3593 968 3660; x_wconf 88' lang='lat' dir='ltr'>audimus</span> <span class='ocrx_word' id='word_1_234' title='bbox 981 3593 1259 3673; x_wconf 83' lang='lat' dir='ltr'>praenuntiantem</span> <span class='ocrx_word' id='word_1_235' title='bbox 1272 3592 1343 3671; x_wconf 84' lang='lat' dir='ltr'>jam</span> <span class='ocrx_word' id='word_1_236' title='bbox 1356 3591 1418 3651; x_wconf 91' lang='lat' dir='ltr'>im-</span> 
     </span>
     <span class='ocr_line' id='line_1_30' title="bbox 250 3698 1138 3778; baseline 0 -18"><span class='ocrx_word' id='word_1_237' title='bbox 250 3701 377 3762; x_wconf 90' lang='lat' dir='ltr'>minere</span> <span class='ocrx_word' id='word_1_238' title='bbox 396 3698 515 3763; x_wconf 90' lang='lat' dir='ltr'>Carolo</span> <span class='ocrx_word' id='word_1_239' title='bbox 531 3701 757 3762; x_wconf 89' lang='lat' dir='ltr'>immoderatae</span> <span class='ocrx_word' id='word_1_240' title='bbox 771 3700 964 3762; x_wconf 89' lang='lat' dir='ltr'>ambitionis</span> <span class='ocrx_word' id='word_1_241' title='bbox 980 3718 1112 3778; x_wconf 85' lang='lat' dir='ltr'>poenam</span> <span class='ocrx_word' id='word_1_242' title='bbox 1130 3720 1138 3760; x_wconf 74' lang='grc' dir='ltr'><strong><em>ε</em></strong></span> 
     </span>
    </p>
   </div>
   <div class='ocr_carea' id='block_1_3' title="bbox 291 3867 1244 4136">
    <p class='ocr_par' dir='ltr' id='par_1_6' title="bbox 291 3867 1244 4136">
     <span class='ocr_line' id='line_1_31' title="bbox 291 3867 1161 3940; baseline -0.002 -18"><span class='ocrx_word' id='word_1_243' title='bbox 291 3868 344 3940; x_wconf 86' lang='lat' dir='ltr'>IV,</span> <span class='ocrx_word' id='word_1_244' title='bbox 358 3886 386 3926; x_wconf 83' lang='lat' dir='ltr'>v.</span> <span class='ocrx_word' id='word_1_245' title='bbox 405 3869 461 3922; x_wconf 79' lang='lat'>725</span> <span class='ocrx_word' id='word_1_246' title='bbox 480 3887 487 3920; x_wconf 75' lang='grc' dir='ltr'><em>τ</em></span> <span class='ocrx_word' id='word_1_247' title='bbox 504 3869 570 3924; x_wconf 88' lang='lat' dir='ltr'>Non</span> <span class='ocrx_word' id='word_1_248' title='bbox 585 3867 684 3922; x_wconf 85' lang='lat' dir='ltr'>audita</span> <span class='ocrx_word' id='word_1_249' title='bbox 698 3868 765 3922; x_wconf 87' lang='lat' dir='ltr'>duci</span> <span class='ocrx_word' id='word_1_250' title='bbox 780 3886 833 3922; x_wconf 91' lang='lat' dir='ltr'>uec</span> <span class='ocrx_word' id='word_1_251' title='bbox 846 3867 1001 3922; x_wconf 85' lang='lat' dir='ltr'>formidata</span> <span class='ocrx_word' id='word_1_252' title='bbox 1016 3867 1161 3938; x_wconf 86' lang='lat' dir='ltr'>loquentis</span> 
     </span>
     <span class='ocr_line' id='line_1_32' title="bbox 504 3964 1244 4033; baseline -0.005 -13"><span class='ocrx_word' id='word_1_253' title='bbox 504 3966 601 4020; x_wconf 81' lang='lat' dir='ltr'>&#39;l&#39;nnta</span> <span class='ocrx_word' id='word_1_254' title='bbox 615 3966 661 4020; x_wconf 91' lang='lat' dir='ltr'>dei</span> <span class='ocrx_word' id='word_1_255' title='bbox 676 3981 730 4020; x_wconf 85' lang='lat' dir='ltr'>vox</span> <span class='ocrx_word' id='word_1_256' title='bbox 745 3971 799 4033; x_wconf 74' lang='lat' dir='ltr'>est,</span> <span class='ocrx_word' id='word_1_257' title='bbox 817 3967 917 4019; x_wconf 79' lang='lat' dir='ltr'>surdas</span> <span class='ocrx_word' id='word_1_258' title='bbox 932 3970 1028 4019; x_wconf 84' lang='lat' dir='ltr'>temen</span> <span class='ocrx_word' id='word_1_259' title='bbox 1045 3964 1146 4020; x_wconf 86' lang='lat' dir='ltr'>obruet</span> <span class='ocrx_word' id='word_1_260' title='bbox 1160 3980 1244 4017; x_wconf 86' lang='lat' dir='ltr'>aures</span> 
     </span>
     <span class='ocr_line' id='line_1_33' title="bbox 500 4063 1230 4136; baseline 0.003 -18"><span class='ocrx_word' id='word_1_261' title='bbox 500 4064 590 4119; x_wconf 87' lang='lat' dir='ltr'>Vocis</span> <span class='ocrx_word' id='word_1_262' title='bbox 605 4070 686 4118; x_wconf 85' lang='lat' dir='ltr'>atrox</span> <span class='ocrx_word' id='word_1_263' title='bbox 701 4065 787 4134; x_wconf 82' lang='lat' dir='ltr'>lapsae</span> <span class='ocrx_word' id='word_1_264' title='bbox 804 4065 918 4136; x_wconf 83' lang='lat' dir='ltr'>pondus</span> <span class='ocrx_word' id='word_1_265' title='bbox 932 4081 983 4134; x_wconf 91' lang='lat' dir='ltr'>per</span> <span class='ocrx_word' id='word_1_266' title='bbox 997 4063 1096 4118; x_wconf 87' lang='lat' dir='ltr'>nubila</span> <span class='ocrx_word' id='word_1_267' title='bbox 1107 4065 1230 4134; x_wconf 85' lang='lat' dir='ltr'>jectum.</span> 
     </span>
    </p>
   </div>
   <div class='ocr_carea' id='block_1_4' title="bbox 251 4219 1423 4628">
    <p class='ocr_par' dir='ltr' id='par_1_7' title="bbox 251 4219 1423 4628">
     <span class='ocr_line' id='line_1_34' title="bbox 297 4219 1421 4305; baseline -0.004 -20"><span class='ocrx_word' id='word_1_268' title='bbox 297 4223 427 4286; x_wconf 82' lang='lat' dir='ltr'>Caelum</span> <span class='ocrx_word' id='word_1_269' title='bbox 450 4225 599 4286; x_wconf 89' lang='lat' dir='ltr'>Renatus</span> <span class='ocrx_word' id='word_1_270' title='bbox 628 4223 780 4303; x_wconf 80' lang='lat' dir='ltr'>praelium</span> <span class='ocrx_word' id='word_1_271' title='bbox 809 4224 952 4285; x_wconf 91' lang='lat' dir='ltr'>initurus</span> <span class='ocrx_word' id='word_1_272' title='bbox 982 4224 1113 4285; x_wconf 89' lang='lat' dir='ltr'>invocat</span> <span class='ocrx_word' id='word_1_273' title='bbox 1139 4219 1213 4304; x_wconf 72' lang='lat' dir='ltr'>(VI,</span> <span class='ocrx_word' id='word_1_274' title='bbox 1238 4220 1315 4305; x_wconf 84' lang='lat'>49);</span> <span class='ocrx_word' id='word_1_275' title='bbox 1340 4220 1421 4283; x_wconf 82' lang='lat' dir='ltr'>coelo</span> 
     </span>
     <span class='ocr_line' id='line_1_35' title="bbox 251 4329 1422 4410; baseline -0.003 -19"><span class='ocrx_word' id='word_1_276' title='bbox 251 4339 359 4408; x_wconf 85' lang='lat' dir='ltr'>grates</span> <span class='ocrx_word' id='word_1_277' title='bbox 386 4332 454 4408; x_wconf 88' lang='lat' dir='ltr'>agit</span> <span class='ocrx_word' id='word_1_278' title='bbox 477 4337 550 4410; x_wconf 89' lang='lat' dir='ltr'>post</span> <span class='ocrx_word' id='word_1_279' title='bbox 576 4332 749 4392; x_wconf 86' lang='lat' dir='ltr'>victoriam</span> <span class='ocrx_word' id='word_1_280' title='bbox 773 4348 871 4409; x_wconf 87' lang='lat' dir='ltr'>quam</span> <span class='ocrx_word' id='word_1_281' title='bbox 894 4331 924 4392; x_wconf 92' lang='lat' dir='ltr'>ei</span> <span class='ocrx_word' id='word_1_282' title='bbox 949 4347 1103 4409; x_wconf 86' lang='lat' dir='ltr'>peperere</span> <span class='ocrx_word' id='word_1_283' title='bbox 1129 4329 1227 4390; x_wconf 86' lang='lat' dir='ltr'>Jesus</span> <span class='ocrx_word' id='word_1_284' title='bbox 1253 4355 1267 4383; x_wconf 61' lang='lat' dir='ltr'><em>a</em></span> <span class='ocrx_word' id='word_1_285' title='bbox 1292 4329 1422 4389; x_wconf 77' lang='lat' dir='ltr'>intacta</span> 
     </span>
     <span class='ocr_line' id='line_1_36' title="bbox 256 4433 1423 4521; baseline -0.004 -22"><span class='ocrx_word' id='word_1_286' title='bbox 256 4463 271 4491; x_wconf 71' lang='grc' dir='ltr'><strong>α</strong></span> <span class='ocrx_word' id='word_1_287' title='bbox 290 4437 442 4515; x_wconf 84' lang='lat' dir='ltr'>Virginis</span> <span class='ocrx_word' id='word_1_288' title='bbox 458 4438 567 4498; x_wconf 84' lang='lat' dir='ltr'>inians</span> <span class='ocrx_word' id='word_1_289' title='bbox 586 4464 600 4491; x_wconf 85' lang='lat'><strong>»</strong></span> <span class='ocrx_word' id='word_1_290' title='bbox 620 4435 696 4521; x_wconf 85' lang='lat' dir='ltr'><strong>(VI,</strong></span> <span class='ocrx_word' id='word_1_291' title='bbox 713 4433 791 4520; x_wconf 73' lang='lat'>635)</span> <span class='ocrx_word' id='word_1_292' title='bbox 807 4438 942 4517; x_wconf 86' lang='lat' dir='ltr'>ipsaque</span> <span class='ocrx_word' id='word_1_293' title='bbox 958 4437 1062 4498; x_wconf 89' lang='lat' dir='ltr'>Maria</span> <span class='ocrx_word' id='word_1_294' title='bbox 1078 4463 1091 4490; x_wconf 82' lang='lat'>‹&lt;</span> <span class='ocrx_word' id='word_1_295' title='bbox 1112 4435 1230 4496; x_wconf 85' lang='lat' dir='ltr'>dira...</span> <span class='ocrx_word' id='word_1_296' title='bbox 1246 4435 1301 4514; x_wconf 86' lang='lat' dir='ltr'>pia</span> <span class='ocrx_word' id='word_1_297' title='bbox 1319 4434 1423 4495; x_wconf 79' lang='lat' dir='ltr'>fronte</span> 
     </span>
     <span class='ocr_line' id='line_1_37' title="bbox 260 4536 1423 4628; baseline -0.003 -25"><span class='ocrx_word' id='word_1_298' title='bbox 260 4543 408 4605; x_wconf 82' lang='lat' dir='ltr'>«favens</span> <span class='ocrx_word' id='word_1_299' title='bbox 427 4566 441 4595; x_wconf 85' lang='lat'>&gt;›</span> <span class='ocrx_word' id='word_1_300' title='bbox 460 4540 503 4628; x_wconf 81' lang='grc' dir='ltr'>(Ι,</span> <span class='ocrx_word' id='word_1_301' title='bbox 522 4539 611 4625; x_wconf 79' lang='grc'>156),</span> <span class='ocrx_word' id='word_1_302' title='bbox 632 4569 646 4597; x_wconf 86' lang='grc'>«</span> <span class='ocrx_word' id='word_1_303' title='bbox 664 4543 751 4604; x_wconf 86' lang='lat' dir='ltr'>alma</span> <span class='ocrx_word' id='word_1_304' title='bbox 775 4545 836 4606; x_wconf 89' lang='lat' dir='ltr'>deo</span> <span class='ocrx_word' id='word_1_305' title='bbox 851 4560 923 4622; x_wconf 88' lang='lat' dir='ltr'>quae</span> <span class='ocrx_word' id='word_1_306' title='bbox 946 4543 1085 4622; x_wconf 82' lang='lat' dir='ltr'>praebuit</span> <span class='ocrx_word' id='word_1_307' title='bbox 1101 4541 1201 4606; x_wconf 88' lang='lat' dir='ltr'>ubera</span> <span class='ocrx_word' id='word_1_308' title='bbox 1223 4549 1297 4603; x_wconf 88' lang='lat' dir='ltr'>nato</span> <span class='ocrx_word' id='word_1_309' title='bbox 1315 4567 1329 4596; x_wconf 84' lang='lat'>&gt;›</span> <span class='ocrx_word' id='word_1_310' title='bbox 1350 4536 1423 4622; x_wconf 90' lang='lat' dir='ltr'>(VI,</span> 
     </span>
    </p>
   </div>
   <div class='ocr_carea' id='block_1_5' title="bbox 365 4665 1320 4705">
    <p class='ocr_par' dir='ltr' id='par_1_8' title="bbox 365 4665 1320 4705">
     <span class='ocr_line' id='line_1_38' title="bbox 365 4665 1320 4705; baseline -0.007 -1"><span class='ocrx_word' id='word_1_311' title='bbox 365 4675 398 4704; x_wconf 68' lang='lat' dir='ltr'>DE</span> <span class='ocrx_word' id='word_1_312' title='bbox 412 4674 542 4705; x_wconf 66' lang='lat' dir='ltr'>usnemun.</span> <span class='ocrx_word' id='word_1_313' title='bbox 1308 4665 1320 4704; x_wconf 82' lang='lat'><strong>5</strong></span> 
     </span>
    </p>
   </div>
   <div class='ocr_carea' id='block_1_6' title="bbox 0 0 1681 5468">
    <p class='ocr_par' dir='ltr' id='par_1_9' title="bbox 0 0 1681 5468">
     <span class='ocr_line' id='line_1_39' title="bbox 0 0 1681 5468; baseline 0 0"><span class='ocrx_word' id='word_1_314' title='bbox 0 0 1681 5468; x_wconf 95' lang='lat' dir='ltr'> </span> 
     </span>
    </p>
   </div>
  </div>
 </body>
</html>
