3306 5468
796 608 976 677 498...

346 759 421 820 Non
436 759 471 819 in
484 764 672 820 contextum
687 758 841 837 opusculi
856 761 923 819 mei
935 758 1027 820 venit
1037 757 1076 819 de
1090 759 1270 818 Rusticiadis
1280 763 1480 832 argumento

301 866 355 928 vel
369 864 524 943 dahujus
534 867 693 943 poematis
705 866 799 927 vitiis
815 865 1056 943 virtutibusque
1066 863 1280 943 peculiariter
1290 863 1476 941 disputare.

302 973 375 1034 lloc
397 989 502 1032 iurum
524 989 592 1032 non
617 972 656 1032 ab
681 990 716 1032 re
741 989 812 1033 esse
837 972 979 1052 videtur,
1004 970 1132 1033 scilicet
1147 970 1357 1048 comprobare
1383 968 1479 1030 Petri

302 1077 475 1141 nonnullis
500 1079 536 1139 iu
559 1077 643 1140 locis
666 1078 849 1140 Pilladium
871 1078 925 1141 vel
950 1078 1107 1140 aenrulurn
1131 1077 1184 1138 vel
1207 1077 1325 1138 saltem
1348 1093 1476 1138 aremo-

301 1203 373 1246 rem
389 1185 501 1247 fuisse.

347 1293 594 1370 Nonnunquam
611 1292 652 1352 de
665 1291 774 1353 Caroli
786 1291 1081 1375 cladecornmouet
1101 1308 1161 1351 nos
1176 1290 1360 1351 Rustictada's
1373 1288 1476 1367 scrip·

305 1406 365 1478 tor,
390 1398 575 1477 praesertim
598 1398 633 1458 in
653 1396 707 1458 his
728 1397 880 1458 versibus
901 1395 1047 1477 librili,
1070 1414 1101 1475 p.
1129 1392 1207 1473 248,
1226 1401 1250 1456 t.
1270 1395 1286 1455 1
1305 1390 1476 1477 (liupana),

304 1523 336 1566 r.
356 1501 411 1587 15,
428 1520 487 1584 aq:

465 1709 468 1713 ,
492 1659 624 1729 Careiae,
641 1661 779 1716 horrendo
794 1663 983 1732 bellifalpore
997 1680 1136 1730 coruscae,

421 1773 423 1776 ⁴
488 1759 650 1814 Praeclaram
665 1758 754 1811 titalia
767 1759 903 1829 Princeps
916 1759 1081 1829 Barpanalio
1096 1758 1199 1826 multia,

491 1855 549 1917 an
566 1857 686 1910 bellante
695 1862 793 1926 patena
808 1857 864 1910 late
883 1856 1036 1911 Germania
1051 1875 1135 1927 regma

487 1953 654 2007 Pertremait
663 1954 777 2022 palleos
792 1959 817 2007 et
831 1955 945 2023 quilibet
959 1955 1078 2024 aepulas
1092 1954 1178 2023 orbis,

486 2051 516 2103 E
530 2067 624 2120 campo
639 2051 746 2104 Martia
759 2052 932 2105 [sardonicum
946 2053 1041 2106 cedere
1055 2070 1146 2122 repam

490 2146 637 2202 Gallorum
651 2148 766 2200 aetheria
780 2148 917 2215 potandam
931 2166 1016 2218 reaper
1027 2149 1100 2218 Alpe
1114 2148 1218 2219 σοφίη·

487 2243 631 2297 Pariar'am
645 2245 761 2312 obaedit,
777 2262 924 2298 aameroaa
936 2251 1017 2314 pente
1025 2251 1174 2315 potentem,

486 2341 615 2419 Flauiae
628 2340 773 2410 Sequanae
788 2360 844 2411 qaa
857 2359 888 2395 ae
900 2342 1037 2396 Matrona
1053 2343 1186 2411 recondit,

485 2438 592 2490 Divitia
607 2438 731 2508 Europa
746 2438 845 2491 maltos
854 2441 977 2507 finesque
991 2440 1121 2507 laceaat‘t3

488 2535 558 2588 Poat
572 2542 661 2589 tamea
676 2536 724 2589 ille
739 2535 837 2587 ducam
852 2536 970 2588 celebrer
984 2553 1132 2607 repamqae
1145 2535 1306 2606 triumphos,

492 2632 655 2702 Qaifaerat
668 2634 769 2687 mando
781 2634 909 2703 propriis
924 2639 949 2687 et
962 2634 1066 2686 civibus
1081 2633 1191 2702 horror,

492 2729 614 2798 Vemflao
629 2736 737 2782 nostroe
745 2729 868 2798 foedavit
883 2731 1017 2799 aauqar'ae
1026 2728 1109 2798 flues,

482 2826 662 2895 Adduxitqae
675 2829 731 2880 raia
747 2830 879 2882 lacrimae
894 2846 1088 2897 memoremque
1103 2829 1236 2887 dolorem.
1253 2875 1256 2881 .
1272 2871 1299 2886 ..
1319 2845 1364 2899 sq.

340 2977 460 3039 Nonne
481 2973 531 3039 ibi
556 2978 716 3058 quosdam
748 2979 900 3056 agnoscis
932 2981 1097 3043 Naaoetetis
1128 2976 1271 3042 versus?
1296 2975 1416 3064 (Caroli
1441 3000 1479 3044 ec

295 3078 458 3169 oratioue.)

334 3234 441 3305 Nona,
458 3234 496 3306 V,
512 3253 541 3292 v.
559 3233 616 3287 543
634 3253 641 3287 :

522 3332 632 3402 Regem
649 3332 742 3401 ipsum
757 3333 919 3403 grandique
935 3332 1030 3387 animo
1046 3350 1098 3387 sua
1111 3332 1187 3388 bella
1201 3338 1348 3405 regentem

468 3490 470 3494 Α
521 3429 637 3484 Detorai
653 3435 681 3484 et
696 3431 795 3484 Martis
813 3448 914 3502 campo
930 3431 1049 3486 cessisse
1065 3433 1158 3503 coegi.

385 3543 413 3584 r.
432 3527 488 3580 551
503 3545 510 3580 t
526 3527 564 3581 Et
579 3544 636 3596 qua
652 3527 812 3597 Sequaneis
827 3544 889 3582 sese
907 3528 1040 3583 Matrona
1052 3529 1214 3598 profundus

523 3617 628 3679 Miscet
642 3624 737 3696 aquia,
754 3643 855 3696 campo
871 3630 995 3681 metatus
1011 3632 1107 3680 castra
1120 3626 1242 3697 patenti,

521 3721 665 3776 Parisium
680 3721 790 3779 obsedi.

384 3836 413 3876 v.
429 3819 487 3873 492
502 3839 508 3872 ε
525 3819 631 3875 Divitis
646 3822 770 3890 Europae
786 3822 851 3891 quis
869 3828 968 3877 nostro
986 3828 1031 3876 est
1045 3823 1170 3893 angulus
1184 3822 1246 3877 ensi

521 3915 677 3972 Intactas?

386 4030 414 4070 v.
428 4013 505 4066 524:
527 4056 882 4074 .............
902 4033 955 4087 ego
971 4015 1082 4072 civibus
1095 4017 1207 4076 horror.

346 4161 463 4222 Reuati
484 4163 628 4225 victoriae
644 4164 680 4223 in
694 4130 756 4226 hcc
771 4181 902 4245 quoque
919 4185 1017 4228 versu
1032 4166 1153 4230 alludit
1167 4166 1352 4255 Pilladiup:

339 4318 376 4378 Τ.
394 4321 419 4390 Ι,
436 4339 466 4390 p.
484 4320 552 4389 256,
567 4340 596 4378 v.
616 4322 650 4375 13
665 4339 671 4379 :
688 4324 727 4377 Et
741 4323 853 4394 placitos
865 4331 975 4396 pectant
988 4328 1145 4398 Baryuada
1159 4329 1233 4383 caede
1247 4329 1397 4387 moderatae.

346 4471 467 4533 Foedns
479 4471 728 4537 olimaRenato
739 4495 814 4538 cum
825 4478 905 4538 urhe
916 4478 1132 4556 Argentorato
1141 4479 1245 4541 ictum
1254 4489 1472 4549 memoratur.

189 4598 192 4603 ¹
302 4576 355 4659 (T.
373 4577 402 4658 1,
419 4597 449 4656 p.
469 4575 546 4660 336,
558 4600 590 4641 v.
606 4566 865 4664 2sq.)'Deniqne
878 4585 911 4645 iu
928 4588 1066 4646 Mauortia
1081 4605 1178 4666 super
1191 4589 1307 4650 funere
1323 4587 1474 4653 Geldriae
