3306 5468
733 514 909 607 ..254

240 701 338 762 quam
352 698 411 762 par
425 682 511 744 illud
527 683 691 747 exhaustae
714 695 746 747 et
765 687 889 762 exiguae
904 683 1082 764 provinciae
1098 699 1170 744 cum
1188 679 1401 759 praepollente

241 797 273 851 et
296 790 461 852 ditissimo
486 791 578 852 hoste
604 798 784 872 certamen,
804 801 835 855 et
859 792 1010 854 laetitiam
1033 791 1147 850 afferet
1171 790 1243 869 ejus
1265 787 1404 849 victoria

240 897 329 959 unde
341 897 397 976 jus
412 896 543 959 stetisse
558 897 688 959 nemini
702 899 839 960 dubium
862 917 933 961 esse
953 905 1068 978 potest.
1088 897 1138 958 Ne
1153 896 1254 956 nimis
1270 895 1402 972 antiqua

240 1010 397 1084 repetam,
424 1012 462 1065 ut
484 1003 628 1064 Xerxem
650 1022 668 1064 a
687 1003 815 1067 Graecia
839 1006 1026 1067 submotum
1049 1012 1080 1066 et
1104 1011 1151 1065 tot
1175 1002 1271 1082 alios,
1294 1018 1404 1063 nonne

240 1109 357 1171 eodem
378 1127 477 1170 sensu
498 1109 736 1188 quadamtenus
759 1110 829 1173 hac
845 1119 936 1188 gesta
956 1111 1124 1188 leguntur,
1139 1126 1204 1187 qno
1220 1107 1404 1184 Anglorum

239 1216 351 1278 clades
376 1235 395 1276 a
419 1216 529 1278 Gallia
553 1216 767 1296 depulsorum
789 1217 901 1280 Caroli
924 1218 1056 1298 septimi
1077 1215 1228 1279 consiliis
1252 1213 1404 1275 Aurelia·
1473 1299 1475 1303 Ι

242 1324 420 1401 mensisque
437 1323 563 1385 Puellae
579 1325 699 1387 eximia
708 1326 903 1387 fortitudine
918 1332 950 1387 et
964 1321 1055 1386 fide?
1071 1323 1179 1403 Hujus
1193 1338 1270 1383 vero
1286 1328 1403 1398 tragin-

241 1429 304 1490 diae
319 1447 466 1509 persona
483 1449 541 1508 per
562 1449 597 1492 se
617 1432 695 1493 satis
715 1431 825 1492 valent
841 1440 878 1493 ut
891 1439 994 1510 poetae
1010 1431 1136 1492 vividas
1152 1428 1306 1503 effingere
1323 1427 1404 1486 ima-

240 1536 334 1612 gines
351 1536 462 1617 liceat,
479 1536 508 1596 si
523 1537 620 1600 modo
635 1556 699 1616 res,
716 1538 879 1616 quomodo
894 1546 993 1616 gestae
1010 1537 1088 1616 sint,
1105 1533 1347 1597 accommodate
1363 1532 1405 1592 ad

240 1643 409 1703 veritatem
424 1643 586 1704 retulerit.
603 1644 688 1706 Hinc
709 1642 860 1723 Carolus,
880 1643 1123 1706 turbulentare
1145 1641 1317 1702 temeraria
1337 1658 1404 1700 am·

240 1747 368 1809 bitione
389 1727 515 1829 furens,
539 1756 571 1810 et
590 1749 725 1811 ultionis
747 1751 925 1829 cupiditate
948 1751 1119 1827 efferatus3
1141 1748 1219 1808 inde
1242 1748 1402 1826 Renatus,

240 1853 334 1932 anus
347 1854 495 1932 partibus
516 1853 606 1916 Deus
625 1856 696 1934 ipse
717 1856 817 1936 favet,
833 1856 947 1936 patriae
966 1862 1197 1935 propugnator,
1215 1853 1269 1932 pia
1283 1870 1321 1913 ac
1335 1870 1404 1914 rno-

241 1958 352 2019 derata
366 1969 477 2021 mente
493 1960 701 2042 adulescens,
718 1962 842 2023 cumin
859 1962 1073 2025 consultando
1088 1961 1291 2040 prudentiae
1306 1976 1405 2037 prope

241 2065 341 2127 senili
357 2065 496 2147 judicio,
516 2077 585 2129 tum
604 2069 640 2130 in
660 2068 839 2148 praeliando
861 2069 929 2130 aori
952 2078 984 2130 et
1005 2068 1171 2146 intrepida
1192 2067 1323 2128 virtute.
1353 2063 1403 2125 Ne

241 2174 353 2235 omnia
367 2191 590 2255 percenseam,
607 2192 674 2237 non
698 2183 748 2236 est
770 2175 982 2237 infitiandum
999 2193 1107 2236 rema
1131 2175 1225 2235 Petro
1244 2173 1284 2234 de
1305 2171 1404 2232 Blaro

242 2280 326 2342 Rivo
344 2289 530 2360 susceptam
545 2299 630 2362 esse,
642 2299 715 2362 quae
731 2283 810 2344 satis
826 2281 969 2360 amplam
982 2289 1087 2360 poetae
1102 2281 1274 2341 materiam
1287 2296 1403 2357 suppe-

242 2385 336 2466 ditet,
354 2386 452 2473 modo
467 2387 661 2468 Virgilium,
679 2405 746 2451 non
762 2385 978 2465 Capelianum
994 2388 1213 2448 nanciscatur.
1234 2384 1311 2446 Utri
1327 2401 1405 2446 vero

242 2502 355 2554 noster
383 2495 578 2570 cognatione
607 2495 741 2574 propior
769 2495 919 2556 videatur
947 2502 979 2556 et
1008 2494 1172 2574 quomodo
1200 2491 1405 2573 propositum

242 2608 471 2674 argumentum
484 2603 670 2662 tractaverit
683 2602 928 2680 inspiciendum
945 2608 1006 2662 est.

286 2706 416 2767 Nanccis
436 2703 522 2768 5088
547 2725 662 2770 versus
689 2695 974 2786 complectiturin
999 2725 1053 2768 sex
1073 2708 1176 2768 libros
1200 2704 1402 2785 distributos,

242 2810 289 2872 ita
308 2820 345 2872 ut
368 2811 525 2890 explicari
544 2812 611 2875 dici
630 2814 734 2892 possit
753 2831 824 2874 eam
848 2823 970 2892 septem
990 2813 1154 2892 prioribus
1176 2813 1314 2874 AEaca'dos
1336 2810 1405 2872 iere

242 2934 382 2996 aequam.
400 2917 471 2979 Hoc
494 2926 604 2980 autem
625 2937 707 2997 opus
728 2918 781 2980 vel
805 2919 923 2980 leviter
937 2919 1110 2996 attingenti
1126 2917 1218 2979 brevi
1237 2916 1404 2995 apparebit

241 3023 382 3100 poemati
406 3023 518 3084 minus
542 3041 640 3102 quam
665 3022 814 3086 historiae
839 3024 961 3104 simile,
989 3024 1044 3085 sed
1072 3022 1234 3102 ejusmodi
1256 3021 1404 3082 historiae

241 3146 314 3208 quae
342 3129 497 3208 plurimis
526 3129 741 3211 orationibus,
770 3131 941 3192 sententiis
965 3138 997 3193 et
1022 3132 1130 3193 omnis
1155 3130 1286 3206 generis
1311 3146 1406 3189 orna-

240 3236 362 3297 mentis
377 3236 531 3296 distincta
547 3245 578 3296 et
591 3221 779 3298 intermixta
794 3237 848 3298 sit.
866 3237 1014 3316 Simplex
1030 3237 1146 3298 saltem
1163 3244 1194 3297 et
1210 3253 1311 3296 unum
1321 3236 1403 3297 Nan·

242 3345 334 3405 ceidis
349 3349 582 3420 argumentum
597 3344 759 3422 invenias,
776 3344 813 3404 in
835 3361 900 3423 qua
920 3343 1145 3405 tantummodo
1164 3350 1314 3403 narratur
1333 3342 1404 3402 diu·

242 3456 337 3511 torna
360 3449 421 3511 illa
446 3458 478 3511 et
497 3449 656 3511 acerrima
680 3450 767 3511 inter
790 3450 955 3512 Renatum
979 3448 1200 3528 Carolumque
1223 3449 1403 3512 contentio.

241 3553 311 3617 Nec
325 3554 365 3617 ab
381 3573 442 3618 ovo
458 3574 510 3617 res
530 3563 643 3618 noster
662 3558 791 3636 repetit,
812 3557 868 3618 sed
889 3555 929 3618 ab
947 3556 1046 3619 initio
1070 3564 1195 3618 tantum
1216 3554 1405 3618 certaminis

241 3661 372 3741 incipit,
397 3662 432 3723 id
445 3667 495 3724 est
517 3662 604 3724 circa
629 3663 753 3724 Maium
772 3680 919 3726 mensem
937 3661 1216 3725 MCCCCLXXV
1232 3671 1263 3725 et
1283 3662 1406 3724 desinit

240 3767 298 3830 ubi
322 3786 475 3847 suprema
498 3766 610 3830 Caroli
635 3768 785 3830 cadaveri
807 3769 960 3831 mandata
984 3781 1059 3831 suut
1082 3767 1261 3851 (deriuario
1290 3787 1403 3832 mense

241 3869 585 3956 MCCCCLXXVII).
603 3874 663 3955 Ita,
680 3874 766 3953 apud
778 3874 1021 3936 Grandisonum
1031 3873 1144 3953 praelio
1156 3874 1313 3953 neglecto,
1338 3883 1403 3935 tres

241 3979 449 4044 solummodo
473 3981 664 4044 obsidiones
688 3981 847 4061 Nanceii,
872 3999 1056 4060 pugnaeque
1079 3982 1165 4061 apud
1186 3983 1349 4043 Moratum
1372 3987 1404 4041 et

240 4087 327 4164 apud
344 4086 538 4149 larvillam¹
557 4106 576 4149 a
598 4088 695 4150 Petro
713 4088 824 4149 relatae
847 4095 935 4150 sunt.
959 4088 1025 4148 Res
1045 4088 1180 4167 quidem
1201 4096 1276 4148 ante
1296 4094 1404 4163 gestas

240 4206 308 4252 non
319 4193 454 4253 omnino
469 4193 692 4273 praeterrnisit,
710 4193 767 4254 sed
781 4193 828 4255 ita
842 4211 957 4272 poema
971 4193 1155 4270 composuit
1170 4201 1205 4252 ut
1215 4211 1269 4252 eas
1283 4191 1403 4253 Renati

241 4297 294 4358 vel
316 4297 428 4359 Caroli
448 4299 652 4360 orationibus
672 4307 764 4362 notas
784 4287 989 4362 haberemus.
1012 4299 1109 4377 Vide,
1131 4298 1272 4376 exempli
1292 4316 1402 4379 causa,

274 4531 295 4582 l.
312 4530 451 4592 «dumille,
467 4532 530 4597 pres
544 4529 647 4597 Nancy.
664 4552 674 4579 a
