3306 5468
241 721 389 792 poneret.
411 713 502 787 Quos
522 715 741 795 insequuntur
759 727 830 779 octo
847 735 962 779 versus
981 717 1151 796 inquibus
1169 717 1325 779 tredecim
1346 718 1410 798 syl-

240 820 332 881 labas
349 829 530 903 computes,
548 829 579 882 et
595 840 633 883 ea
648 822 721 900 lege
739 824 851 903 scripti
866 834 902 885 ut
916 826 951 885 in
963 825 1117 885 omnibus
1130 825 1253 902 pariter
1267 825 1412 888 homoeo-

241 924 388 987 teleuton
405 934 552 988 servetur
568 926 589 988 ¹.
608 927 676 989 Nec
691 929 903 990 infitiandum
918 937 968 990 est
984 928 1055 990 haec
1071 929 1234 1007 poematia
1248 947 1412 992 amoenam

240 1031 437 1094 facilitatem
455 1051 521 1112 prae
545 1052 580 1095 se
598 1034 684 1095 ferre
707 1043 738 1095 et
759 1036 935 1113 quemdam
957 1034 1089 1096 dicendi
1108 1036 1262 1097 nitorem.
1289 1033 1412 1098 Credas

244 1137 409 1200 Sautelio²
429 1140 679 1201 adscribendam
698 1158 769 1201 esse
796 1141 835 1202 de
857 1142 994 1220 captivis
1014 1142 1130 1202 avibus
1150 1141 1302 1221 elegiam,
1323 1144 1412 1204 unde

241 1244 338 1306 liceat
354 1245 439 1306 mihi
453 1263 574 1323 paucos
590 1264 703 1308 versus
722 1246 908 1307 exscribere
922 1247 1044 1325 quibus
1055 1246 1243 1308 misericors
1255 1257 1285 1308 et
1299 1247 1412 1310 mollis

241 1352 347 1414 nostri
363 1351 493 1412 animus
509 1351 717 1429 significatur
734 1372 741 1413 :

240 1505 325 1576 (Aves
340 1507 500 1586 loquuntur)
517 1510 625 1564 Tristia
640 1511 756 1580 captivo
772 1511 899 1565 solamur
912 1511 1000 1565 taedia
1014 1516 1112 1580 cantu,

561 1607 599 1661 Et
613 1607 695 1662 vobis
709 1613 807 1662 nostro
823 1615 868 1662 est
880 1608 947 1662 laeta
962 1623 1067 1662 canore
1082 1608 1154 1666 dies.

519 1706 653 1761 Forsitan
668 1711 698 1760 et
712 1707 853 1776 gemimus
868 1706 936 1759 dum
951 1722 1004 1759 nos
1017 1711 1134 1760 cantare
1148 1706 1268 1775 putatis,

559 1802 620 1856 Nec
636 1801 752 1857 miseret
765 1802 859 1856 nostri
872 1820 924 1858 vos
939 1802 1094 1873 aliquando
1109 1803 1187 1861 mali.

242 1952 391 2014 Gallicos
408 1970 537 2032 quoque
554 1971 668 2014 versus
684 1972 703 2014 a
717 1954 816 2014 Petro
832 1954 1031 2032 compositos
1051 1972 1123 2015 esse
1139 1954 1227 2014 haud
1241 1970 1327 2030 aegre
1344 1973 1411 2016 cre·

242 2059 311 2138 das,
329 2059 386 2120 sed
402 2060 575 2138 exquibus
591 2060 793 2138 epigramma
815 2067 944 2120 tautum
964 2065 1113 2138 superest
1130 2060 1201 2139 ejus
1218 2059 1345 2121 tumulo
1360 2061 1410 2121 in·

242 2165 523 2245 sculptum,quod
534 2165 615 2227 olim
632 2165 841 2242 incollegiali
858 2163 971 2226 Sancti
983 2164 1121 2226 Deodati
1137 2165 1410 2228 ecclesialectum

241 2291 260 2333 a
282 2274 319 2333 Ι).
346 2274 457 2334 Colmet
484 2271 684 2350 descriptum
709 2279 770 2334 est.
796 2272 842 2332 Ex
867 2272 919 2332 his
947 2280 1018 2334 octo
1044 2272 1193 2333 versibus
1223 2291 1289 2333 non
1313 2273 1412 2335 facile

241 2378 424 2457 dispexeris
454 2377 563 2456 qualis
593 2378 694 2439 luerit
725 2378 816 2438 Petri
846 2378 886 2439 de
917 2375 1015 2439 Blaro
1043 2378 1130 2440 Rivo
1160 2378 1289 2439 Gallica
1320 2397 1415 2440 musa

241 2484 423 2563 quibusque
451 2483 505 2544 vel
533 2483 665 2546 dotibus
689 2483 743 2545 vel
773 2485 865 2544 vitiis
885 2484 1041 2560 insignis.
1068 2485 1164 2546 Haud
1193 2494 1300 2546 tamen
1326 2484 1416 2546 dicas

240 2608 373 2669 prorsus
395 2589 510 2651 abesse
533 2591 572 2650 ab
595 2589 666 2670 ejus
692 2588 914 2667 condiscipuli
933 2588 1080 2651 Villonis
1102 2590 1208 2651 forma
1230 2589 1290 2650 hos
1313 2591 1414 2651 nostri

242 2714 381 2757 versus:

432 2861 455 2916 O
471 2862 604 2932 Measyua
616 2861 718 2916 Jetsus
735 2861 839 2931 Christ,
856 2860 1012 2931 Aepulaire
1024 2861 1135 2928 Pierre,

427 2960 511 3029 Pitye
521 2961 628 3030 prende
643 2966 669 3013 ct
682 2977 775 3030 morey
791 2960 825 3013 dc
838 2975 912 3027 moy,
923 2958 977 3027 seu
987 2957 1089 3028 prober
1103 2959 1213 3026 Pierre,

427 3059 574 3128 Infernale
586 3061 685 3129 prison
698 3059 776 3112 m’est
789 3058 857 3126 due,·
873 3058 944 3110 mais
959 3062 989 3109 ta
1002 3055 1075 3109 mere

427 3157 528 3209 Donec
543 3155 668 3228 espoird
682 3173 728 3208 ma
743 3156 849 3208 cratete
864 3153 986 3206 lorriblc
1000 3158 1025 3205 et
1032 3152 1096 3221 fort
1110 3152 1210 3208 ambre.

287 3314 340 3378 Cf.
358 3315 504 3378 Villonis
524 3303 705 3394 t'iptrapte
721 3333 757 3376 eu
776 3318 874 3391 forme
893 3314 928 3372 de
946 3313 1062 3372 dollode
1076 3330 1133 3389 que
1153 3314 1208 3386 seit
1225 3314 1323 3373 Villort
1336 3332 1416 3391 pour

243 3423 296 3498 luy
311 3431 337 3482 et
353 3440 399 3482 ses
415 3438 631 3499 compugnent,
648 3416 832 3481 s'ottertduut
846 3429 922 3480 estre
936 3420 1037 3493 pcrtdu
1051 3434 1123 3478 avec
1136 3416 1234 3478 euc³=

431 3587 531 3641 Priore
545 3587 654 3654 llrecus,
670 3587 720 3656 qut
731 3603 782 3638 cur
796 3591 856 3638 tous
871 3601 889 3637 a
903 3584 1037 3650 maistrie,

433 3682 531 3738 Gurde
545 3683 684 3753 pu'ldofer
698 3682 769 3736 o'ait
784 3682 817 3735 cle
831 3699 899 3734 nour
912 3681 1083 3751 seigneurr'e5

246 3822 278 3876 et
294 3834 391 3895 supra
406 3836 414 3876 ε

359 3992 366 4000 ,
430 3957 636 4010 Eccum-noue
649 3987 689 3996 -
698 3958 766 4025 puis
781 3973 831 4026 que
844 3972 956 4008 commeo
970 3955 1087 4008 tranacta
1101 3985 1141 3994 —

428 4055 539 4107 Eripere
554 4055 579 4106 le
594 4053 659 4106 bru
674 4053 708 4106 cle
721 4053 751 4105 la
771 4053 869 4123 Vierqe
882 4051 990 4119 Marte,

277 4283 298 4333 l.
313 4282 385 4332 Vide
400 4285 430 4332 F.
447 4283 554 4344 Scbbtz,
570 4281 649 4343 ibid,
664 4294 691 4344 p.
707 4279 818 4329 soc-304.
834 4279 907 4329 Editi
926 4283 990 4329 sunt
1004 4291 1113 4342 quoque
1128 4276 1220 4340 hymni
1235 4275 1383 4339 supradicti
1399 4288 1415 4324 a

243 4353 324 4402 Mone
339 4368 345 4400 t
361 4351 534 4403 lateiniscbe
549 4353 675 4414 Hprrroett
691 4350 739 4399 des
754 4351 942 4413 Mittetotters,
957 4353 976 4399 t.
991 4347 1040 4407 ΙΙΙ,
1055 4362 1082 4412 p.
1097 4347 1152 4396 263.

273 4422 297 4471 2.
314 4421 353 4472 Cf.
371 4421 471 4481 Sautel‚
492 4421 582 4472 Lusus
601 4420 747 4485 allegorici,
767 4419 802 4480 ll,
823 4422 887 4470 Acts
905 4423 1031 4483 capitium
1051 4420 1130 4482 cujus
1145 4419 1219 4467 corte
1236 4416 1322 4480 magis
1337 4415 1414 4466 attec-

243 4496 298 4543 tata
313 4497 355 4543 est
369 4497 396 4544 et
411 4493 542 4543 arcessita
558 4492 700 4555 elegantia.

273 4565 297 4613 3.
313 4564 363 4614 Ed.
380 4564 520 4628 Longnon,
535 4578 562 4627 p.
580 4564 632 4615 tro.
